2978 5048
629 376 688 442 127

557 460 762 478 Mvavwv

610 570 702 634 1638.

45 678 136 736 Non
166 679 264 737 novit
284 679 377 737 virtus
401 678 563 737 calamitati
588 678 704 737 cedere.
748 679 782 739 P.
807 680 872 754 Syr.

609 777 700 840 1639.

339 886 408 945 Non
430 901 531 944 omnes
555 885 659 944 cadem
681 886 827 947 mirentur
855 893 1021 961 amantque.
1070 885 1142 944 Hor.
1165 886 1227 961 Ep.

856 1058 859 1065 .
931 1007 939 1023 ·
1054 985 1091 1063 2,
1116 984 1150 1062 2,
1173 986 1224 1049 ⁵8.

611 1085 703 1154 1640.
741 1121 744 1126 -

43 1195 134 1254 Non
164 1196 279 1254 omnia
301 1194 401 1253 eedem
425 1210 521 1268 aeque
545 1196 680 1254 omnibus
704 1213 720 1254 e
743 1214 785 1269 re,
810 1197 914 1255 suevia
937 1211 1002 1254 esse
1020 1195 1105 1254 scito.
1128 1197 1224 1255 Plent.

946 1300 1028 1358 Asin.
1054 1295 1092 1371 3,
1115 1295 1155 1371 3,-
1173 1296 1223 1359 51.

609 1394 700 1461 1641.

339 1506 407 1564 Non
431 1476 536 1564 omnia*
552 1502 634 1562 flecti

10 1598 21 1641 ’·
59 1608 217 1669 Possunt
239 1612 270 1668 et
291 1609 528 1682 propriameiius
544 1607 596 1666 sub
607 1622 679 1666 voce
690 1613 852 1667 notantur..
870 1606 974 1666 Menil.
990 1606 1109 1667 Astron.
1126 1603 1156 1679 3,
1170 1603 1222 1668 41.

608 1707 725 1772 1642·

23 1882 27 1893 Ι
338 1814 405 1872 Non
428 1814 528 1873 omnia
550 1814 692 1887 grandior
714 1818 807 1885 aetas,

10 1900 24 1981 ἶ
52 1917 152 1991 Quae
181 1915 358 1991 fugiamus,
390 1916 489 1976 babet.
541 1917 622 1977 Senis
651 1918 732 1977 venit
761 1933 830 1974 usus
861 1917 896 1976 ab
927 1918 1021 1976 annis.
1068 1917 1121 1977 Ov.
1145 1916 1220 1977 Met.

1006 2041 1010 2049 ·
1108 2013 1144 2093 6,
1169 2012 1220 2080 28.

608 2116 701 2183 1643.
1222 2197 1223 2200 ¹

337 2227 403 2286 Non
426 2228 524 2285 omnia
545 2242 702 2301 possumus
724 2242 835 2284 omncs.
881 2224 961 2298 Virg.
984 2225 1056 2285 Buc.
1082 2221 1119 2299 8,
1143 2222 1195 2287 63.

607 2324 699 2388 1644.

334 2433 401 2492 Non
426 2431 562 2493 omnibus
585 2433 671 2492 annis

51 2538 181 2599 omnia
206 2537 398 2596 conveniunt.
421 2565 464 2578 -
507 2536 596 2597 Corn.
622 2537 699 2596 Gall.
725 2535 760 2604 (1)
783 2534 869 2607 Eleg.
896 2530 931 2604 1,
959 2529 1029 2593 163.

606 2635 698 2701 1645.

55 2744 136 2807 lon
163 2744 270 2804 omnis
294 2750 373 2804 aetas
397 2787 531 2805 .....
554 2744 624 2803 ludo
649 2743 795 2802 convenit.
830 2742 927 2801 Plaut.
951 2740 1061 2802 Bacch.
1079 2739 1105 2814 1,
1121 2738 1150 2815 2,
1167 2740 1218 2802 21.

609 2842 701 2907 1646.

54 2948 141 3035 Ι1166
166 2949 281 3024 opibus
304 2955 418 3009 mentes
443 2951 595 3010 hominum
619 2967 766 3025 curaeque
789 2952 942 3010 levantur:

161 3055 247 3114 Nam
270 3051 390 3113 fortuna
412 3071 466 3114 sua
487 3061 624 3130 tempora
645 3056 710 3127 lege
732 3055 817 3128 regit.
863 3054 928 3113 Tib.
952 3052 1037 3125 Elcg.
1062 3047 1090 3123 3,
1116 3049 1145 3125 3,
1169 3049 1219 3116 21.

208 3153 210 3156 ’
605 3154 697 3215 1647.
1063 3176 1069 3183 ·
1217 3159 1221 3169 ·

97 3277 145 3321 on
170 3275 252 3335 opus
275 3266 320 3318 est
342 3261 453 3333 magnis
476 3261 595 3334 placido
618 3264 730 3321 lectore
753 3259 868 3333 poetis:

165 3362 340 3436 Quamlibet
361 3365 485 3424 invitum
508 3364 717 3439 difficilemque
739 3370 852 3424 tenent.
890 3361 941 3422 Ov.
965 3344 1106 3434 Ponte,
1130 3358 1159 3435 4,
1183 3359 1213 3423 9.

605 3462 698 3526 1648.

70 3572 146 3633 lion
170 3586 250 3646 opus
273 3575 319 3630 est
338 3572 453 3644 verbis,
470 3571 589 3631 credite
612 3572 710 3644 rebus,
735 3572 785 3631 ait.
831 3568 884 3629 0v.
908 3569 990 3629 Fast.
1015 3564 1051 3643 2,
1076 3565 1148 3632 734.
1185 3588 1192 3599 ·

388 3665 391 3671 ’
602 3669 694 3733 1649.

71 3778 145 3840 Non
167 3778 288 3852 placet,
320 3778 371 3852 qui
402 3778 512 3838 amicos
539 3778 620 3838 intra
647 3779 750 3838 dentes
784 3778 942 3836 conclusos
971 3775 1069 3838 hebet.
1117 3779 1214 3839 Plant.

935 3881 1019 3940 Trin.
1044 3877 1081 3955 4,
1106 3876 1142 3955 2,
1166 3877 1216 3943 64.

605 3977 696 4044 1656.
1213 4007 1217 4016 ·

63 4092 144 4153 'Non
166 4088 379 4165 possidentem
401 4090 493 4148 multa
518 4086 672 4148 vo'caveris

67 4194 169 4257 Recte
194 4193 334 4254 beatum:
357 4194 466 4253 rectius
491 4200 618 4266 occupat

158 4299 283 4359 Nomen
305 4297 401 4370 beati,
427 4297 481 4372 qui
505 4297 626 4355 deorum

233 4401 411 4461 Muneribus
434 4401 586 4474 sapienter
608 4404 650 4462 uti
