2948 5040
560 353 564 363 ’
640 353 843 452 ..an

173 549 261 608 Ortus
285 555 391 608 cuncta
413 564 481 607 suos
505 555 642 622 repetunt
664 554 846 622 matremque
869 549 1035 623 requirunt,

257 652 297 710 Et
319 652 398 710 redit
420 652 457 710 ad
480 653 619 722 nihilum,
644 653 723 726 qnod
744 651 799 710 fuit
821 658 889 711 ante
913 653 995 710 nihil.
1046 649 1135 712 Corn.
1159 650 1239 710 Gall.
1266 652 1275 717 (

1059 754 1142 826 Eleg.
1171 752 1207 826 1,
1231 750 1272 808 21

690 852 782 916 1442.

421 960 483 1018 Nec
507 962 583 1019 enim
605 959 725 1019 fortuna
747 960 898 1034 querenda

173 1060 244 1119 Sola
264 1065 316 1118 tua
338 1068 392 1122 est.
438 1063 555 1122 Similes
577 1065 702 1122 aliorum
725 1066 839 1137 respice
862 1080 962 1123 casus:

172 1163 274 1222 Mitius
297 1165 356 1223 ista
377 1164 463 1224 feres.
488 1196 529 1206 —
574 1166 626 1225 Ov.
649 1167 721 1225 Met.
748 1163 802 1235 15,
826 1160 901 1222 493.

690 1280 782 1343 1443.

422 1389 484 1446 Nec
508 1389 585 1447 enim
608 1391 655 1448 lex
678 1390 801 1462 aequior
823 1390 893 1460 ulla,

261 1488 353 1559 Quam
377 1494 458 1548 necis
482 1492 610 1551 artifices
633 1500 697 1552 arte
720 1493 819 1566 perire
842 1509 905 1551 sna.
950 1493 1002 1552 Ov.
1025 1493 1059 1550 A.
1083 1492 1118 1550 Α.
1146 1489 1181 1561 1,
1206 1486 1272 1546 655

689 1607 780 1670 1444.

419 1714 482 1772 Nec
505 1715 582 1773 enim
604 1716 728 1774 loricam
750 1717 847 1789 poscit
868 1714 994 1773 Achillis

171 1815 339 1887 Thersites,
362 1815 394 1874 in
417 1834 475 1891 qua
498 1833 530 1876 se
552 1817 763 1877 transducebat
784 1817 914 1891 Ulysses.
964 1819 1031 1877 Jnv.
1055 1820 1115 1878 Sat.
1143 1815 1193 1887 11,
1218 1814 1275 1876 30.

689 1932 780 1998 1445.

419 2040 482 2098 Nec
503 2041 581 2099 enim
604 2041 719 2111 omnia,
743 2041 887 2114 quaedam

173 2142 231 2200 Prc
255 2142 316 2200 vita
338 2140 475 2202 facienda
496 2149 578 2218 puto.
603 2172 645 2183 -
688 2144 756 2202 Juv.
781 2144 841 2204 Sat.
869 2142 924 2215 15,
951 2141 1021 2203 107.

689 2257 781 2323 1446.

170 2365 301 2424 Necesse
322 2370 368 2424 est
395 2366 588 2425 maximorum
610 2367 732 2426 minima
753 2384 819 2427 esse
841 2368 923 2428 vitia.
968 2369 1000 2427 P.
1025 2368 1089 2442 Syr.

688 2482 780 2544 1447.

171 2589 301 2648 Necesse
325 2558 370 2648 est
390 2590 498 2648 multos
521 2590 636 2661 timeat,
660 2607 746 2663 quem
768 2593 851 2650 multi
875 2593 987 2650 timent.
1033 2591 1067 2650 P.
1092 2590 1156 2664 Syr.

691 2705 782 2768 1448.

171 2811 341 2872 Necessitas
365 2811 414 2870 dat
436 2812 546 2885 legem,
569 2828 629 2871 non
652 2813 720 2886 ipsa
742 2815 861 2888 accipit.
908 2817 942 2874 P.
967 2815 1031 2889 Syr.

689 2912 779 2975 1449.

170 3020 341 3080 Necessitas
364 3019 428 3093 plns
450 3033 538 3092 posse
561 3035 647 3092 quam
668 3020 766 3092 pietas
789 3022 873 3080 solet.
918 3022 986 3082 Seu.
1010 3019 1117 3079 Troad.
1143 3010 1217 3078 582.

689 3117 781 3180 1450.

170 3225 385 3284 Necessitatem
407 3222 502 3295 ferre,
526 3239 585 3282 non
607 3221 678 3284 flere
702 3225 835 3284 addecet.
880 3226 912 3285 P.
937 3226 1003 3300 Syr.

690 3325 780 3386 1451.

170 3432 347 3492 Necessitati
371 3431 490 3504 sapiens
512 3431 554 3490 nil
576 3448 704 3505 unquam
727 3436 822 3504 negat.
867 3431 901 3491 P.
927 3431 991 3505 Syr.

687 3530 778 3592 1452.

170 3641 233 3699 Nec
255 3637 342 3698 facile
364 3637 500 3695 invenias
521 3638 621 3696 multis
644 3654 660 3697 e
683 3639 801 3697 milibus
825 3654 924 3708 unum,

254 3735 404 3801 Virtutem
426 3741 553 3813 pretium
577 3742 627 3815 qui
649 3746 734 3814 putet
756 3757 822 3800 esse
844 3741 900 3799 sui.

169 3848 237 3920 Ipse
261 3846 366 3915 decor,
389 3849 471 3902 recte
493 3842 564 3903 facti
587 3844 612 3902 si
634 3845 769 3918 praemia
791 3844 898 3914 desint,

255 3951 322 4008 Non
346 3954 459 4019 movet,
488 3953 518 4006 et
540 3947 630 4020 gratis
653 3947 784 4020 poenitet
807 3963 872 4006 esse
893 3947 1028 4020 probum.

169 4055 220 4113 Nil
242 4054 300 4112 nisi
323 4051 402 4126 quod
424 4050 562 4123 prodest,
587 4066 686 4109 carum
710 4056 764 4108 est.
808 4051 836 4120 Ι,
856 4050 979 4109 detrahe
1001 4051 1092 4108 menti

255 4156 342 4228 Spem
364 4154 479 4213 fructus
502 4152 620 4225 avidae,
643 4169 730 4212 nemo
753 4153 897 4227 petendus
921 4154 988 4212 erit.

169 4258 208 4318 At
229 4258 342 4318 reditus
361 4259 423 4331 jam
446 4257 572 4331 quisque
596 4272 665 4316 suos
688 4262 767 4315 amat
788 4262 819 4315 et
840 4257 896 4315 sihi
920 4257 990 4330 quid
1013 4257 1052 4315 sit

253 4361 349 4434 Utile,
372 4362 512 4421 sollicitis
534 4365 675 4434 supputat
696 4360 841 4444 articulis.
886 4359 939 4418 Ov.
963 4360 1048 4419 Pont.
1072 4354 1109 4439 2,
1134 4361 1170 4440 3,
1199 4366 1251 4431 11,
