2978 5048
555 349 758 451 ..nm

619 539 691 604 264.

76 641 235 716 Cogimur
256 661 275 703 a
295 646 386 717 gratis
409 647 537 704 animum
559 648 741 721 suspendere
764 652 851 710 rebus

181 743 280 821 Atque
303 753 336 808 ut
361 749 508 821 vivamus,
536 745 635 812 rivere
664 754 834 815 desinimus.
877 755 966 814 Corn.
987 756 1064 816 Gall.
1081 757 1117 825 (Ρ)
1135 759 1219 832 Eleg.

1086 858 1120 933 1,
1150 858 1219 920 155.

620 954 692 1018 265.

79 1056 228 1117 Collecta
248 1058 321 1116 vitia
341 1073 396 1131 per
417 1063 462 1119 tot
484 1066 597 1120 aetates
620 1064 671 1121 diu

79 1160 120 1218 In
146 1175 205 1218 uos
229 1160 407 1220 redundant.
430 1189 471 1202 -
516 1163 585 1224 Seu.
608 1165 646 1234 (i)
669 1167 733 1227 Oct.
758 1162 830 1227 429.

618 1264 689 1328 266.

79 1366 198 1427 Comes
222 1366 364 1426 facundus
386 1370 417 1428 in
440 1370 488 1429 via
508 1388 563 1445 pro
586 1373 720 1432 vehiculo
744 1379 797 1433 est.
842 1376 875 1432 P.
899 1376 963 1449 Syr.

616 1470 690 1534 267.

87 1573 256 1648 Compesce
278 1580 420 1634 mentem!
443 1605 482 1614 —
528 1578 600 1636 Hor.
624 1578 678 1637 od.
705 1576 738 1651 1,
766 1574 820 1651 16,
844 1575 894 1639 22.

616 1676 687 1741 268.

337 1781 513 1858 Conponite
536 1791 648 1844 mentes

78 1883 133 1944 Ad
165 1901 303 1958 maguum
332 1887 450 1946 virtutis
480 1905 554 1960 opus
585 1906 771 1963 summosque
799 1890 925 1949 labores.
970 1892 1080 1951 Lucan.
1109 1895 1214 1955 Phars.

1081 1990 1116 2067 9,
1141 1991 1213 2057 380.

614 2090 686 2155 269.

334 2195 528 2270 Componitur
550 2197 630 2258 orbis

74 2303 175 2376 Regis
198 2301 236 2360 ad
259 2301 441 2373 exemplum,
464 2316 520 2358 uec
541 2302 585 2360 sic
605 2301 757 2361 inflectere
780 2320 883 2363 sensus

74 2407 238 2485 Eumenos
262 2404 359 2462 edicta
381 2404 480 2462 valent
502 2420 588 2477 quam
612 2406 673 2464 vita
694 2407 832 2477 regentis.

79 2507 201 2568 Mobile
223 2512 354 2566 mutatur
376 2523 491 2580 semper
514 2524 578 2565 curn
600 2509 736 2582 principe
765 2511 876 2583 vulgus.
921 2509 1022 2569 Claud.
1052 2511 1102 2570 IV.
1126 2509 1213 2570 Cous.

1039 2614 1116 2673 Hon.
1140 2609 1213 2674 299.

611 2706 683 2769 279.

335 2812 501 2887 Comprime
523 2820 630 2885 motus,

78 2919 148 2977 Nec
170 2917 225 2976 tibi
249 2917 320 2991 quid
341 2918 442 2987 liceat,
472 2917 526 2974 sed
550 2919 620 2992 quid
642 2919 747 2978 fecisse
771 2920 895 2992 decebit,

83 3022 242 3092 Occurrat,
265 3025 449 3094 mentemque
473 3018 571 3080 domet
593 3029 747 3096 respectus
770 3023 896 3084 honesti.
929 3023 1030 3082 Claud.
1055 3027 1105 3083 IV.
1125 3025 1211 3085 Cous.

1039 3131 1115 3187 Hou.
1140 3125 1211 3188 266.

609 3223 682 3287 271.

76 3331 258 3405 Conjunctio
282 3331 371 3389 animi
394 3333 521 3390 maxime
541 3337 587 3390 est
609 3332 754 3404 cognatio.
800 3333 834 3391 P.
857 3332 922 3406 Syr.

611 3429 682 3493 272.

65 3536 213 3597 Conscia
235 3553 316 3596 mens
340 3539 414 3597 recti
437 3537 531 3597 famae
554 3537 708 3597 mendacia
729 3538 814 3599 ridet.
860 3539 912 3599 Ov.
936 3540 1017 3598 Fast.
1042 3535 1071 3613 4,
1094 3536 1166 3599 311.

608 3636 680 3699 273.

74 3742 212 3802 Conscia
232 3761 315 3803 meus
338 3750 369 3802 ut
392 3745 498 3817 cuique
521 3760 575 3801 sua
597 3751 656 3814 est,
681 3745 724 3802 ita
745 3745 875 3817 concipit
893 3745 973 3803 intra

167 3847 296 3906 Pectora
316 3864 371 3921 pro
394 3847 474 3906 facto
496 3863 636 3920 spemque
659 3853 826 3922 metumque
842 3865 904 3907 suo.
936 3849 987 3907 Ov.
1000 3850 1081 3908 Fast.
1097 3841 1209 3919 1,485.

607 3946 678 4007 274.

75 4052 217 4112 Consilia
239 4056 289 4127 qni
313 4055 384 4113 dant
406 4072 498 4128 prava
520 4055 615 4113 cautis
638 4054 815 4125 hominibus,

75 4157 121 4216 Et
144 4157 274 4231 perdunt
295 4174 413 4231 operam
431 4165 461 4217 et
476 4158 650 4217 deridentur
661 4158 796 4231 turpiter.
826 4157 952 4216 Phaedr.
971 4157 1044 4216 Feb.
1066 4155 1093 4228 1,
1114 4152 1208 4228 25,1.

609 4255 681 4318 275.

80 4361 217 4421 Consilio
239 4364 340 4435 pollet,
364 4363 411 4421 cui
433 4364 491 4422 vim
514 4340 768 4438 natura'negavit.
814 4351 877 4422 Cat.
901 4364 978 4422 Dist.
1002 4358 1035 4434 2,
1060 4359 1089 4421 9.
