2978 5048
597 247 601 256 ι

652 407 767 421 eastum-'xm
795 407 851 419 sthi*

705 514 796 580 1126.

435 584 515 678 Leve
539 623 580 694 fit,
605 623 684 698 quud
699 623 773 683 bene
789 623 891 694 fertur,
914 638 999 682 onus.
1030 623 1082 683 Ov.
1095 624 1160 682 Am.
1179 619 1206 693 1,
1222 614 1252 694 2,
1272 618 1319 680 19.

707 723 796 788 1127.

173 827 273 887 Levis
298 834 344 888 est
366 828 464 902 dolor,
489 832 540 905 qui
563 847 670 904 capere
694 831 848 890 consilium
870 835 977 905 potest.
1024 830 1092 890 Seu.
1115 829 1195 888 Med.
1222 825 1291 888 155.

706 929 799 992 1128.

177 1036 276 1095 Levis
301 1042 347 1096 est
369 1035 503 1096 fortuna:
528 1036 588 1095 cito
611 1037 757 1111 reposcit,
781 1054 857 1111 quae
881 1036 970 1096 dedit.
1013 1038 1046 1095 P.
1070 1037 1134 1111 Syr.

707 1153 797 1218 1129.

433 1261 543 1321 Levius
565 1261 599 1320 fit
622 1261 777 1334 patientia,

180 1364 340 1438 Quidquid
363 1365 512 1438 corrigere
536 1371 580 1424 est
602 1364 694 1425 nefas.
730 1366 812 1434 Hor.
837 1365 891 1424 Od.
918 1362 949 1440 1²,
973 1359 1030 1436 24,
1057 1361 1105 1424 19.

706 1464 798 1528 1130.

183 1571 295 1633 Levius
319 1573 395 1631 solet
416 1572 536 1641 timere,
562 1574 611 1646 qui
634 1574 759 1647 propius
782 1573 874 1632 timet.
920 1573 987 1633 Sen.
1011 1544 1125 1633 Troads
1143 1569 1214 1633 516.

704 1671 794 1733 1131.

176 1782 245 1841 Lex
268 1780 410 1839 universa
432 1785 492 1849 est,
517 1796 593 1852 quae
612 1778 698 1853 iubet
719 1780 802 1838 nasci
825 1784 856 1837 et
876 1772 960 1837 mcii.
1006 1779 1039 1837 P.
1064 1780 1129 1861 Syr.

701 1893 792 1958 1132.

434 2003 571 2062 Libertas
593 2003 734 2076 pauperis
757 2002 832 2062 haec
854 2007 913 2060 est:

179 2109 329 2168 Pulsatus
352 2112 437 2179 rogat
459 2112 489 2166 et
510 2106 617 2180 pugnis
640 2105 776 2165 concisus
799 2106 914 2176 adorat,

179 2211 227 2271 Ut
251 2212 344 2270 liceat
366 2211 468 2284 paucis
492 2227 555 2269 curn
580 2209 716 2269 dentibus
739 2208 809 2269 inde
832 2226 902 2268 reve
920 2209 952 2268 ti.
997 2209 1064 2268 Juv.
1088 2210 1149 2269 Sat.
1174 2206 1212 2282 3,
1240 2206 1314 2271 299.

706 2324 796 2388 1133.

433 2433 543 2493 Liceat
564 2450 664 2492 casum
686 2433 822 2491 miserari
842 2392 971 2491 insontis
994 2415 1101 2501 amici*
1135 2434 1217 2508 Virg.
1239 2436 1313 2495 Aen.

1180 2534 1216 2610 5,
1240 2534 1313 2599 359.

703 2634 804 2698 1134.
900 2664 906 2699 ;

430 2742 537 2802 Liceat
557 2743 644 2801 ruodo
667 2743 775 2802 vivere.
803 2774 837 2782 —
885 2743 951 2802 Juv.
976 2740 1096 2815 8112,-
1123 2740 1192 2805 135.

701 2858 792 2923 1135.
929 2838 932 2843 ’
1204 2852 1207 2857 ·

432 2964 520 3025 Licet
542 2966 595 3025 sub
619 2984 751 3042 paupere
774 2971 854 3024 tecto

173 3076 280 3146 Reges
303 3076 335 3130 et
357 3087 456 3142 regum
479 3071 540 3128 vita
561 3088 757 3144 praecurrere
780 3070 899 3130 amicos.
927 3071 1017 3130 Ἠο1.
1040 3073 1099 3145 Ep.
1126 3069 1157 3141 1,
1184 3069 1237 3144 10,
1261 3069 1311 3133 32.

704 3187 793 3252 1136.

169 3296 266 3354 Licet
288 3292 434 3367 superbus
457 3294 586 3353 ambules
609 3295 747 3368 pecunia,

170 3399 315 3456 Fortuna
337 3411 397 3454 non
420 3403 512 3456 mutat
533 3413 634 3470 genus.
679 3398 752 3458 Hor.
774 3398 872 3471 Epod.
897 3392 932 3468 4;
957 3393 986 3456 5.
1067 3418 1070 3425 ·

699 3496 791 3557 1137.
927 3568 932 3575 ¹

426 3603 512 3664 Licet
538 3605 640 3663 tristes
663 3604 762 3662 animo
786 3605 934 3678 deponere
957 3623 1053 3666 curas.
1096 3606 1177 3680 Virg.
1203 3608 1308 3682 Georg.

1090 3762 1096 3775 .
1141 3707 1305 3783 Ι1131.

696 3805 787 3871 1138.

170 3915 296 3987 Lingua
318 3918 364 3971 est
385 3912 566 3986 maliloquax
588 3914 695 3973 mentis
718 3914 859 3973 indicium
882 3917 987 3973 malae.
1031 3918 1064 3975 P.
1089 3912 1153 3990 syr.

699 4033 709 4090 1
721 4030 789 4094 139.

168 4140 296 4211 Lingua
318 4135 373 4195 fuit
395 4137 510 4195 dumne.
535 4165 576 4176 —
621 4138 673 4196 Ov.
697 4137 769 4196 Met.
794 4132 830 4208 2,
854 4098 928 4194 546.Ι

698 4236 788 4300 1140.
967 4254 970 4259 ·

422 4341 539 4416 Lingua
560 4344 630 4401 mali
654 4361 724 4418 pars
747 4345 878 4417 pessima
899 4346 986 4405 servi.
1021 4347 1088 4406 Juv.
1109 4343 1316 4418 8119120(
