2978 5048
707 340 771 395 VIII

638 412 686 426 vx]
698 410 845 424 tvvs-suntv-

172 557 256 638 logIa
278 575 394 638 augere
424 573 486 619 non
518 573 588 619 sum
616 555 733 620 veritus
760 572 861 635 neque
889 552 967 617 mihi
996 552 1103 618 videor
1130 556 1247 616 temere
1277 549 1312 615 in

174 719 233 783 hac
254 718 419 800 disciplina
440 717 579 799 posuisse
601 735 737 799 operam.

260 879 370 962 Neque
403 881 486 945 enim
519 880 621 944 adhuc
655 879 855 959 conjectanea
889 878 1117 943 sententiarum
1144 896 1181 940 ex
1210 877 1313 958 politis

146 1109 150 1117 ,
175 1043 387 1108 Romanorum
415 1044 488 1108 solis
522 1043 607 1107 facta
639 1044 671 1107 in
701 1043 803 1108 lucem
832 1041 1030 1123 prodierunt,
1065 1058 1166 1122 neque
1193 1057 1312 1120 corum,

175 1208 230 1288 qui
251 1207 365 1270 mixtas
387 1225 458 1270 cum
480 1206 631 1287 prosaicis
653 1210 816 1286 poetarum
838 1205 1023 1268 Latinorum
1046 1202 1218 1267 sententias
1240 1219 1313 1265 con-

162 1374 280 1458 ·gestas
307 1369 391 1450 typis
418 1368 655 1449 commiserunt,
690 1369 736 1432 ita
765 1368 930 1449 quisquam
963 1365 1155 1447 poeticarum
1188 1369 1300 1428 senten

175 1533 292 1596 tiarum
318 1570 361 1579 —
392 1532 425 1595 id
452 1533 533 1612 quod
563 1537 657 1613 caput
687 1538 735 1595 est
765 1568 808 1577 -
837 1529 947 1594 habuit
976 1529 1147 1608 rationem,
1183 1533 1218 1592 ut
1245 1545 1316 1591 esse

175 1695 319 1760 rideatur
341 1695 426 1758 satis.
473 1694 682 1785 ddjungitur,
705 1694 802 1776 quod,
833 1691 986 1773 quidquid
1008 1691 1055 1755 illi
1078 1695 1312 1772 congesserunt,
1400 1710 1402 1714 “

176 1859 209 1921 iu
232 1862 341 1939 aptum
363 1858 505 1929 ordinem
527 1876 727 1939 nequaquam
750 1861 797 1920 est
820 1856 992 1920 redactum.

262 2019 380 2096 Quibus
408 2021 582 2084 rationibus
610 2024 781 2083 commotus
808 2020 841 2082 in
871 2019 1010 2082 anImum
1038 2018 1146 2081 induxi
1173 2017 1314 2098 vulgare,

177 2183 382 2264 quodcunque
404 2184 630 2247 sententiarum
649 2183 837 2246 Latinarum
859 2183 1051 2264 poeticarum
1073 2182 1185 2262 longae
1207 2180 1316 2245 lectio·

176 2345 225 2409 nis
260 2345 397 2410 fructum
433 2365 641 2427 perceperam.
700 2345 803 2426 Atque
842 2349 1009 2426 postquam
1045 2345 1146 2408 denuo
1188 2343 1316 2407 illorum

176 2512 341 2590 poetarum
362 2507 457 2572 libros
478 2507 568 2572 bonis
591 2509 779 2572 editmuibus
802 2527 876 2572 usus
899 2508 1066 2588 diligenter
1087 2506 1220 2589 perlegi,
1245 2505 1315 2585 jam

177 2670 210 2735 id
239 2689 306 2734 esse
326 2676 508 2735 consecutus
534 2671 612 2735 mihi
640 2672 760 2751 videor,
790 2676 826 2735 ut
855 2671 979 2735 libellus
1008 2688 1096 2734 meus
1121 2688 1184 2733 non
1213 2669 1316 2731 solum

178 2852 381 2914 permagnam
400 2834 627 2898 sententiarum
645 2834 767 2915 copiam
786 2853 917 2915 eamque
935 2835 1034 2898 multo
1050 2832 1201 2913 majorem
1218 2849 1316 2912 quam

178 2997 210 3059 in
244 2996 384 3077 qualibet
415 2996 478 3060 alia
509 2997 706 3077 gnomologia
741 2998 821 3061 inest
856 2997 1030 3076 contineat,
1067 3014 1176 3060 verum
1206 2994 1314 3072 etiam,

178 3159 329 3240 quidquid
345 3158 522 3240 appositum
540 3165 596 3240 est,
610 3161 843 3225 accuratissimo
859 3122 1069 3241 significatum
1085 3160 1117 3222 in
1136 3178 1168 3223 se
1187 3157 1313 3221 habeat.

264 3321 406 3402 Denique
438 3340 508 3385 cum
548 3323 714 3387 dicendum
750 3324 827 3388 milri
864 3343 931 3388 esse
965 3324 1118 3402 videatur,
1158 3319 1314 3402 quomodo

177 3484 350 3548 sententias
378 3485 462 3566 ipsas
489 3487 697 3567 dinponendas
726 3505 793 3551 osso
819 3488 971 3569 putenm,
1010 3483 1229 3550 diversissimIs
1260 3499 1312 3544 ra-

177 3648 315 3712 tionibus
343 3649 546 3714 consideratis
574 3650 767 3731 tentatisquc
796 3650 829 3713 in
859 3669 928 3715 eam
956 3649 1132 3731 opinionem
1159 3650 1241 3728 verri,
1279 3653 1317 3713 ut

147 3825 149 3829 ·
179 3811 376 3892 aptissimum
399 3813 544 3876 ducerem
566 3813 739 3877 sententias
761 3813 845 3894 ipsas
868 3814 953 3878 nullo
977 3815 1155 3879 discrimirre
1177 3813 1210 3877 in
1233 3811 1317 3876 ordi-

179 3994 251 4038 nem
273 3975 684 4056 alphabeticumoigcrerc,
713 3977 745 4040 iu
772 3976 834 4041 fine
856 3983 963 4041 autem
986 3978 1121 4042 indicem
1143 3976 1316 4058 adjungere

180 4139 289 4201 eodem
314 4143 405 4218 pacto
431 4138 633 4218 instructum,
665 4140 710 4203 ita
732 4144 767 4202 ut
796 4141 1001 4205 materiarum
1023 4141 1149 4207 facilem
1170 4158 1315 4221 conspec-

179 4305 247 4364 tum
275 4301 433 4382 praebeat.
485 4300 554 4378 Qua
588 4303 712 4383 quidem
748 4304 865 4385 duplici
901 4305 1023 4369 ratione
1058 4324 1129 4369 cum
1164 4307 1317 4370 varIetate
