2978 5048
711 499 802 566 1532.

184 605 249 670 Nil
276 610 334 670 erit
357 609 499 677 ulterius,
525 609 604 682 quod
626 611 737 670 nostris
760 608 890 669 moribus
914 608 1004 668 addat

176 716 382 774 Posteritas:
407 711 511 770 eadem
534 711 656 784 cupient
678 713 845 789 facientque
867 715 1006 773 minores.

183 819 294 878 Omne
317 819 348 877 in
369 814 528 891 praecipiti
551 815 653 874 vitium
676 817 767 875 stetit.
791 845 833 858 ·-
876 817 943 876 Juv.
965 817 1026 876 Sat.
1054 814 1080 888 1,
1107 811 1176 873 147.

713 914 803 979 1533.

445 1023 496 1080 Nil
520 1025 579 1090 111,
603 1021 746 1094 Antipho,

171 1130 273 1204 Quin
295 1131 372 1187 male
396 1124 545 1186 narrando
567 1126 663 1198 possit
687 1124 888 1198 depravarier.
933 1127 1000 1187 Ter.
1024 1129 1143 1188 Phorm.
1168 1122 1240 1186 696.

711 1224 804 1286 1531.

174 1337 238 1396 Nil
272 1340 320 1394 est
340 1334 493 1403 miserius,
518 1349 605 1406 quam
629 1331 677 1390 ubi
700 1333 806 1405 pudet,
833 1334 911 1408 quod
935 1335 1050 1393 feceris.
1096 1336 1128 1393 P.
1154 1337 1218 1410 syr.

713 1430 804 1495 1535.

174 1546 235 1606 Nil
268 1543 346 1602 ieret
369 1540 407 1600 ad
430 1555 530 1598 manes
555 1538 654 1599 divitis
677 1538 781 1598 umbra
803 1558 882 1602 suos.
929 1541 981 1602 Ov.
1005 1541 1095 1602 Trist.
1120 1538 1154 1613 5,
1187 1536 1241 1612 14,
1274 1535 1322 1598 12.

713 1636 803 1701 1536.

170 1753 232 1811 Nil
266 1794 274 1808 .
302 1794 309 1808 .
334 1794 341 1808 .
366 1792 373 1805 .
396 1747 461 1806 fieri
484 1746 520 1804 de
542 1745 603 1803 nilo
626 1761 715 1817 posse
728 1744 877 1805 fatendum
893 1751 947 1807 est.
976 1743 1323 1819 Ι.11111.11.11.1,205.

712 1842 804 1907 1537.

170 1961 234 2018 Nil
263 1957 357 2016 habet
378 1953 482 2013 infelix
503 1956 664 2026 paupertas
694 1951 795 2010 durius
817 1953 848 2024 in
872 1971 914 2025 se,

172 2065 286 2137 Quam
313 2059 391 2134 quod
413 2058 555 2116 ridiculos
576 2054 713 2114 homines
736 2054 815 2114 facit.
842 2085 879 2095 ·-
926 2056 991 2118 Juv.
1017 2052 1137 2129 8113,
1162 2053 1232 2118 152.

709 2154 799 2219 1538.

174 2270 237 2330 Nil
268 2266 388 2326 homine
411 2271 492 2324 terra
514 2265 599 2338 pejus
621 2265 739 2335 ingrato
763 2269 854 2324 creat.
899 2263 1011 2323 Auson.
1035 2265 1137 2338 Epigr.
1165 2260 1239 2336 140,
1266 2261 1293 2326 1.

712 2361 803 2427 1539.

179 2478 240 2538 Nil
268 2474 382 2534 homini
405 2477 518 2530 certum
541 2476 595 2529 est.
621 2498 659 2510 -
704 2470 756 2529 Ov.
780 2471 871 2530 Trist.
894 2467 931 2541 5,
955 2466 991 2542 5,
1015 2465 1065 2529 27.

711 2570 802 2631 1540.

178 2684 240 2742 Nil
267 2681 445 2739 intentatum
467 2678 561 2738 nostri
584 2678 699 2752 liquere
721 2682 840 2750 poetae.
888 2679 961 2736 Hor.
985 2677 1019 2736 A.
1044 2679 1077 2737 P.
1101 2672 1171 2736 285.

717 2776 808 2839 1541.

180 2892 241 2950 Nil
268 2890 349 2946 intra
371 2890 417 2946 111
439 2886 544 2958 oleam,
568 2885 609 2943 nil
632 2889 715 2944 extra
728 2890 773 2943 est
788 2884 819 2942 in
835 2901 910 2943 nuce
924 2884 1000 2943 duri.
1023 2886 1095 2945 Hor.
1109 2885 1168 2958 Ep.
1184 2882 1212 2956 2,
1230 2884 1256 2955 1,
1272 2882 1322 2947 31.

717 2983 808 3046 1542.

180 3095 239 3154 Nil
266 3094 312 3151 ita
333 3091 455 3150 sublime
479 3096 524 3149 est
547 3108 696 3164 supraque
719 3093 853 3164 pericula
875 3093 978 3162 tendit,
1065 3138 1067 3141 .

278 3197 346 3254 Non
370 3195 410 3252 sit
431 3200 464 3252 ut
485 3193 608 3251 inferius
633 3197 878 3269 suppositumque
902 3196 967 3254 deo.
1012 3195 1065 3254 Ov.
1078 3195 1167 3255 Trist.
1183 3193 1212 3268 4,
1228 3193 1257 3268 8,
1270 3195 1321 3258 47.

711 3293 803 3357 1543.

184 3404 241 3465 Nil
266 3403 360 3474 magis
383 3407 461 3460 amat
484 3401 640 3474 cupiditas,
666 3419 753 3475 quam
779 3401 858 3477 quod
881 3418 939 3460 non
962 3402 1042 3460 licet.
1087 3402 1120 3460 P.
1144 3401 1209 3476 Syr.

136 3491 140 3499 ’
716 3500 807 3564 1544.

439 3607 489 3666 Nil
512 3609 605 3682 majus
635 3618 796 3681 generatur
818 3588 905 3682 ipso'

186 3717 258 3774 Nec
280 3713 359 3785 viget
383 3711 540 3784 quidquam
565 3712 659 3769 simile
682 3718 733 3771 aut
756 3712 926 3772 secundum.
966 3711 1040 3769 Hor.
1064 3712 1118 3772 Od.
1146 3709 1171 3782 1,
1199 3706 1246 3783 12,
1272 3709 1320 3771 17.

709 3811 801 3873 1545.

188 3922 243 3980 Nil
266 3923 396 3977 metuam
419 3918 593 3991 cupiamque
616 3919 700 3988 nihil,
725 3920 798 3977 satis
822 3920 878 3977 hoo
900 3935 968 3977 rear
992 3934 1065 3987 esse,

188 4023 279 4098 Quod
304 4022 376 4081 satis
400 4027 452 4078 est.
479 4053 515 4060 —
562 4021 673 4080 Auson.
696 4022 821 4095 Ephem.
846 4019 896 4079 59.

709 4120 799 4183 1546.

184 4231 240 4290 Nil
263 4228 439 4287 mortalibus
462 4227 547 4285 ardui
569 4234 627 4286 est:

187 4333 316 4395 coelum
339 4332 434 4407 ipsum
456 4331 582 4404 petimus
606 4332 742 4391 stultitia.
788 4332 859 4391 Hor.
884 4331 937 4390 0d.
965 4328 996 4402 1,
1021 4328 1057 4403 3,
1081 4327 1131 4388 37.
