2978 5048
714 355 774 421 126

638 438 843 459 ’νυννννννν

694 551 785 613 1623,

175 659 243 720 Non
265 659 356 717 habet
378 656 469 717 officii
491 656 597 716 lucifer
620 659 714 717 omnis
738 659 825 717 idem.
871 658 923 718 Ov.
946 658 1029 718 Fast.
1056 655 1081 729 1,
1105 653 1155 718 46.

700 755 792 822 1614.
900 780 903 786 ·

174 864 244 924 Non
265 863 335 923 ideo
359 864 446 923 debet
468 866 575 939 pelago
599 881 630 923 se
654 853 795 935 credere,
826 865 851 922 si
876 882 933 938 qua

261 965 359 1027 Audet
380 969 412 1031 in
435 968 539 1041 exiguo
561 968 664 1027 ludere
689 968 794 1043 cymba
824 969 899 1025 lacu.
945 967 997 1028 Ov.
1021 969 1112 1027 Trist.
1137 963 1176 1040 2,
1202 963 1277 1027 329.

691 1082 782 1146 1625.

175 1191 244 1249 Non
265 1190 369 1263 ignara
389 1190 459 1248 mali
482 1191 598 1249 miseris
621 1207 795 1250 succurrere
819 1190 912 1251 disco.
956 1191 1037 1264 Virg.
1061 1190 1136 1250 Aen.
1165 1188 1194 1263 1,
1218 1183 1294 1250 634.

693 1323 784 1388 1626.

425 1431 492 1489 Non
515 1430 658 1490 inferiora
681 1437 810 1503 6666166.
856 1431 935 1504 Virg.
957 1431 1030 1490 Aen.
1055 1427 1093 1502 6,
1119 1424 1194 1488 170.

662 1568 669 1581 ·
695 1544 788 1610 1627.

177 1655 245 1714 Non
267 1653 413 1714 intellecti
435 1654 519 1712 nulla
541 1658 587 1712 est
601 1652 716 1712 curatio
733 1654 838 1714 morbi.
863 1652 951 1715 Corn.
970 1655 1046 1714 Gall.
1064 1655 1098 1724 (l)
1115 1653 1201 1726 Eleg.
1220 1648 1253 1725 3,
1270 1649 1314 1715 55.

696 1768 787 1833 1628.

176 1881 245 1939 Non
266 1879 361 1937 intrat
383 1893 511 1951 unquam
534 1881 647 1950 regium
670 1877 760 1935 limen
784 1876 866 1937 fides.
912 1877 980 1944 Sen.
1004 1878 1107 1951 Agam.
1131 1874 1208 1939 285.

696 2009 787 2072 1629.
858 2039 862 2050 ·

176 2120 244 2178 Non
267 2120 311 2177 ita
323 2119 476 2178 coelitibus
490 2120 583 2178 visum
599 2123 644 2176 est
662 2095 692 2176 'et
708 2114 835 2178 for'sitan
849 2121 968 2195 aequis!
1000 2119 1052 2178 Ov.
1068 2119 1156 2179 Pont.
1172 2112 1204 2184 4,
1221 2115 1253 2192 9,
1269 2113 1312 2177 39.

699 2217 790 2282 1630.

177 2328 245 2388 Non
267 2328 311 2386 116
335 2327 379 2385 dis
402 2327 497 2387 visum
520 2331 587 2384 est!
611 2353 654 2363 -
699 2324 751 2385 Ov.
775 2326 848 2386 Met.
873 2324 906 2399 7,
931 2300 1004 2385 699.

697 2423 791 2490 1631.

177 2536 245 2594 Non
264 2536 349 2608 juvat
371 2550 407 2592 ex
429 2531 512 2592 facili
535 2532 615 2591 lecta
637 2547 749 2591 corona
766 2537 846 2607 jugo.
891 2533 980 2607 Prop.
1003 2531 1086 2606 Eleg.
1111 2528 1148 2605 4,
1181 2527 1242 2604 10,
1265 2529 1294 2592 4.

687 2648 790 2714 1632.

177 2760 244 2818 Non
267 2757 433 2818 laudandus
455 2763 517 2830 661,
542 2757 588 2815 661
611 2759 677 2831 plus
702 2758 812 2828 credit,
837 2759 886 2831 qui
910 2756 1005 2828 audit,
1037 2773 1123 2830 quam
1148 2758 1202 2831 qui
1225 2756 1291 2818 vido
1315 2728 1318 2733 Ι
1345 2769 1348 2809 ε

829 2944 832 2949 ¹
920 2860 1019 2920 Plaut.
1042 2861 1129 2920 Truc.
1153 2855 1192 2933 2,
1227 2856 1263 2936 6,
1284 2854 1311 2921 0.

697 2959 788 3024 1633.
1303 2984 1309 2993 ·
1342 2977 1345 2985 ·

428 3066 495 3125 Non
520 3067 599 3125 levat
621 3066 746 3126 miseros
769 3067 864 3125 dolor.
911 3067 979 3126 Scn.
1000 3068 1091 3142 Hipp.
1115 3064 1191 3128 404.

695 3181 787 3247 1634:

694 3511 786 3572 1635.

178 3619 246 3679 Non
268 3617 340 3677 mihi
364 3618 499 3678 homines
529 3621 665 3694 placent,
697 3620 762 3693 qui,
793 3617 910 3692 quando
938 3620 1013 3676 male
1035 3617 1185 3690 fecerunt,
1216 3616 1307 3692 pergi·
1339 3628 1348 3662 ·²

795 3730 869 3782 tant.
907 3722 1002 3780 Plaut.
1025 3721 1092 3779 Aul.
1114 3717 1151 3792 4,
1178 3717 1235 3795 10,
1257 3714 1304 3781 23.

698 3819 790 3886 leae.
1335 3800 1342 3823 ·’

177 3931 284 3989 Nonne
307 3929 390 3988 vides
413 3930 502 3989 etiam
527 3936 625 4003 guttas
646 3930 678 3987 in
701 3945 774 3988 saxa
796 3928 936 3988 cadentes
985 3926 988 3931 '

177 4034 325 4093 Humores
347 4035 435 4107 longo
457 4034 489 4092 in
512 4034 610 4107 spatio
624 4033 806 4107 pertundere
819 4037 913 4092 saxa?
936 4031 1057 4092 Lueret.
1070 4032 1104 4090 Β.
1118 4032 1156 4093 N.
1173 4027 1205 4106 4,
1222 4027 1308 4117 1296.

698 4165 790 4231 1637.

421 4274 489 4335 Non
512 4279 631 4345 norunt
655 4275 726 4348 quid
747 4274 824 4334 serat
846 4275 922 4334 hora
944 4290 1083 4348 sequens.
1128 4275 1197 4337 Tib.
1222 4278 1303 4349 Elea.
1341 4240 1348 4331 ,ζ

1139 4373 1177 4453 3,
1202 4379 1242 4455 4,
1264 4377 1311 4439 46.
