2978 5048
654 354 858 450 witlam

184 535 317 608 Ignavia:
335 536 448 592 fortuna
464 538 585 607 ignaviae
603 539 711 593 inimica
729 540 788 593 897.

184 621 264 694 Ignis
291 623 336 692 [cf.
354 624 452 678 Ardor.
488 625 584 678 Furor.
620 626 688 690 lra]:
713 633 793 679 vento
819 626 931 693 crescit,
954 631 1034 679 vento
1061 626 1132 691 perit
1157 625 1238 679 1141:
1267 641 1320 693 quo

392 712 477 779 magis
495 712 609 779 tegitur,
629 727 661 765 eo
680 711 867 766 vehementius
887 717 994 765 aestuat
1011 710 1087 764 2241.

184 792 347 866 Ignoscere:
367 795 400 849 of.
420 795 514 849 Venia.

183 879 327 953 Ignotum:
355 897 451 950 magno
475 897 525 936 nos
553 897 637 949 opere
656 883 800 951 perturbat
824 883 906 936 2282:
934 884 1027 951 ignota
1044 881 1115 935 mala
1133 881 1320 936 vehementius

392 974 551 1023 metuuntur
567 967 645 1023 2119.

182 1051 383 1109 Immortalitas
413 1053 455 1123 [cf.
483 1052 584 1109 Gloria.
619 1054 739 1123 Honor]:
770 1055 878 1109 difficile
896 1055 1071 1109 hominesne
1089 1052 1319 1108 immortalitatem

389 1141 552 1208 perveniunt
582 1140 661 1193 1601:
691 1141 826 1207 quomodo
856 1143 1013 1208 acquiratur
1039 1140 1122 1194 2001:
1154 1140 1273 1193 carmina
1291 1145 1320 1192 et

392 1226 554 1280 immortalia
579 1233 642 1294 snut
671 1233 699 1280 et
724 1228 952 1280 immortalitatem
978 1228 1043 1281 dant
1068 1226 1126 1279 209.
1164 1225 1222 1279 212.
1258 1224 1318 1279 215,

390 1311 449 1365 258.
484 1311 543 1364 424.
580 1312 640 1366 428.
676 1312 896 1366 5111506902,
923 1312 997 1367 1851.
1022 1312 1098 1366 2067,
1123 1311 1203 1366 2368:
1223 1326 1321 1379 magna

392 1398 477 1450 virtus
496 1397 655 1452 immortalis
675 1405 717 1453 est
735 1398 810 1452 1739.
847 1399 923 1452 2861.

180 1480 361 1554 Impatientia
380 1481 423 1550 [cf.
441 1482 556 1551 Ardor]:
576 1500 627 1538 nec
645 1485 806 1538 monitorem
824 1500 875 1537 nec
893 1487 996 1538 monita
1015 1490 1086 1538 amat
1103 1483 1164 1537 924.

181 1566 338 1640 Imperator
349 1567 395 1633 [cf.
406 1567 520 1636 Reges]:
540 1572 598 1623 sine
613 1571 785 1638 Imperatoris
799 1571 913 1623 consilio
926 1570 1040 1624 militum
1051 1571 1137 1624 virtus
1151 1567 1218 1622 nibil
1226 1571 1320 1636 potest

390 1654 453 1707 475:
479 1655 573 1722 quales
591 1657 778 1724 imperatoris,
797 1657 867 1710 tales
886 1657 997 1710 militum
1017 1671 1106 1710 mores
1118 1654 1200 1708 2137:
1223 1669 1319 1709 somno

391 1741 581 1807 imperatorem
601 1742 679 1795 nimis
697 1741 838 1810 indulgere
857 1741 971 1795 dedecet
980 1741 1062 1794 2681:
1081 1742 1151 1795 male
1162 1742 1319 1809 imperatur,

391 1825 438 1880 ubi
456 1826 569 1894 evulgo
588 1826 768 1894 imperatores
786 1827 1017 1895 reguntur1205:
1036 1829 1125 1896 magni
1138 1829 1318 1895 imperatores

391 1911 557 1966 immortales
576 1920 641 1966 sunt
658 1912 734 1968 2861.

180 1994 332 2068 Imperium
362 1997 405 2062 [cf.
430 1998 566 2053 Potestas.
602 1998 722 2067 Regna]:
747 1998 879 2066 obsequio
904 1997 963 2052 solo
989 1999 1103 2065 imperia
1125 2002 1236 2051 manent
1253 1995 1317 2050 927:

390 2083 460 2136 male
477 2084 636 2152 imperando
655 2083 779 2151 perditur
798 2083 878 2137 1204:
903 2084 978 2137 stulti
997 2089 1073 2151 sunt,
1092 2084 1151 2151 qui,
1178 2099 1239 2137 enm
1266 2081 1318 2136 sibi

390 2175 542 2237 nequeant,
568 2171 628 2224 aliis
653 2171 787 2237 imperare
806 2169 902 2224 volunt
922 2168 1004 2222 2550:
1034 2168 1169 2238 quomodo
1195 2169 1317 2223 solvatur

388 2254 453 2308 927:
473 2255 519 2308 ubi
537 2270 623 2324 penes
642 2256 738 2324 dignos
756 2255 897 2322 imperium
917 2261 967 2324 est,
985 2254 1103 2309 libenter
1113 2268 1208 2310 omnes
1218 2259 1318 2322 parent

388 2339 469 2394 1185:
501 2342 582 2396 Inane
599 2343 741 2410 imperium
759 2349 854 2411 petere
872 2343 979 2410 perdita
996 2356 1082 2409 opera
1099 2345 1142 2394 est
1159 2339 1240 2393 1408:
1266 2339 1317 2393 sub

389 2425 457 2481 duro
476 2428 589 2495 imperio
608 2430 723 2482 maxime
739 2429 824 2482 vlrtus
838 2429 931 2483 existit
945 2428 1004 2483 926.

178 2507 316 2582 Impetus:
336 2509 368 2564 cf.
387 2512 486 2566 Ardor.
521 2513 618 2569 Furor.

178 2594 300 2668 Improbi
319 2595 362 2664 [cl.
381 2595 516 2667 Nocens]:
536 2605 634 2653 natura
650 2600 836 2668 improborum
854 2600 961 2655 mobilis
976 2595 1185 2653 etvaria1305:
1204 2596 1316 2651 credere

389 2683 520 2751 improbis
547 2686 604 2739 noli
631 2685 711 2738 1211:
736 2693 809 2740 recte
837 2685 968 2740 iacientes
986 2699 1077 2737 veram
1095 2687 1219 2737 naturam
1240 2696 1316 2736 suam

388 2769 479 2822 celant
495 2769 578 2824 1436:
597 2771 787 2826 malefaciendi
804 2787 894 2839 neque
913 2785 997 2824 causa
1006 2783 1124 2837 unquam
1141 2783 1230 2836 neque
1248 2773 1315 2821 tem-

388 2868 439 2920 pus
458 2855 588 2922 improbis
608 2857 686 2910 deest
698 2857 773 2910 1202.
794 2856 875 2910 1711;
894 2872 929 2910 ne
948 2854 1064 2923 improbi
1082 2852 1189 2922 quidem
1208 2868 1316 2921 semper

387 2940 560 2995 malefaciunt
586 2941 667 2996 1454:
694 2942 785 2997 odium
809 2949 837 2996 et
855 2942 1008 2996 inimicitias
1030 2939 1153 2994 oblivisci
1176 2943 1316 3006 nequeunt

387 3024 468 3078 1147:
488 3041 533 3079 res
551 3033 612 3082 tuas
631 3045 690 3082 cum
708 3028 837 3097 improbis
855 3029 1052 3081 communicare
1064 3025 1121 3079 noli
1131 3023 1211 3077 2411:
1231 3022 1314 3077 bene-

387 3109 450 3164 ficia
466 3112 495 3165 in
514 3113 653 3182 improbos
678 3115 777 3169 collata
802 3120 904 3168 nocent
927 3118 954 3166 et
978 3117 1096 3180 pereunt
1119 3109 1195 3162 1213.
1231 3108 1313 3162 2165:

388 3197 433 3264 qui
452 3197 486 3250 ab
504 3199 635 3267 improbis
647 3202 775 3254 auxilium
791 3204 941 3268 exspectat,
960 3197 1032 3266 perit
1045 3194 1121 3251 2141.
1140 3195 1222 3248 217οε
1241 3194 1314 3247 vitiis

387 3297 496 3351 semper
513 3284 633 3352 gaudent
650 3285 733 3339 1873:
765 3286 853 3339 bonos
876 3284 962 3338 malos
981 3297 1042 3337 esse
1061 3280 1186 3349 cupiunt,
1218 3285 1248 3334 ut
1272 3278 1315 3333 sui

386 3368 488 3423 similes
515 3371 571 3423 sint
598 3370 679 3425 1219:
702 3373 780 3440 justa
811 3371 844 3425 ab
875 3370 1006 3438 improbis
1030 3373 1125 3435 petere
1152 3365 1208 3421 noli
1232 3363 1312 3418 1398:

385 3452 523 3510 blanditiis
541 3456 727 3524 improborum
744 3456 814 3510 fides
832 3472 888 3511 non
911 3461 954 3509 est
976 3452 1122 3507 tribuenda
1143 3450 1208 3505 793:
1233 3449 1313 3518 probi

387 3554 448 3594 sese
471 3555 532 3594 esse
551 3541 708 3596 simulantes
726 3543 837 3610 pessimi
855 3539 995 3595 sunt189.
1013 3538 1095 3592 122οε
1114 3535 1230 3604 improbi
1248 3542 1313 3589 sunt

385 3630 414 3679 et
431 3627 458 3693 ii,
478 3627 524 3694 qui
540 3641 590 3681 sua
603 3642 685 3680 causa
697 3626 923 3682 bonisunt1222:
942 3624 1072 3693 improbis
1082 3621 1314 3691 parcendumnon

386 3715 429 3764 cst
447 3711 505 3765 188.
528 3712 608 3766 2198;
629 3713 662 3766 ab
680 3714 811 3781 improbis
831 3715 897 3767 deus
916 3729 971 3766 non
989 3711 1048 3764 vult
1065 3710 1118 3764 coli
1136 3707 1204 3762 1954
1220 3722 1310 3775 neque

386 3794 464 3850 donis
483 3811 576 3850 eorum
594 3798 697 3865 placari
713 3804 807 3866 potest
824 3799 886 3852 115:
914 3797 965 3851 deo
983 3797 1062 3850 invisi
1081 3799 1146 3850 sunt
1162 3793 1241 3847 2853:
1268 3808 1311 3847 se·

384 3881 442 3934 rius
460 3883 536 3935 ocius
554 3892 660 3951 poenas
685 3883 750 3939 dant
773 3883 815 3939 40.
850 3882 926 3937 1949.
962 3882 1038 3935 2259.
1073 3880 1154 3935 2592:
1180 3879 1310 3947 improbis

383 3982 466 4035 saepe
479 3966 591 4022 fortuna
602 3967 676 4022 favet
690 3969 756 4023 949:
775 3969 960 4037 improborum
971 3982 1115 4021 successus
1124 3967 1218 4035 plures
1227 3965 1312 4019 allicit

383 4053 464 4107 2561:
483 4068 563 4107 nemo
582 4061 695 4121 repente
713 4054 929 4123 improbissimus
947 4053 999 4108 fuit
1017 4052 1093 4107 1498.

173 4137 354 4214 Imprebitas:
373 4138 405 4193 cs.
424 4138 559 4206 Nequitia.

171 4226 278 4283 hanes
296 4224 341 4294 [ci
359 4223 524 4293 PauperesJ:
543 4225 596 4279 tuti
613 4225 712 4279 itinera
730 4224 833 4279 faciunt
849 4226 909 4280 292.
945 4224 1023 4278 2696.

170 4307 301 4368 Incolae:
319 4308 353 4364 ef.
372 4308 459 4365 (lives.
495 4308 624 4376 Populus.
