2978 5048
638 416 669 429 Λ.
713 331 753 392 56
774 420 777 426 .
795 415 841 428 m...

703 519 775 584 724.

420 621 528 689 Forte's
551 631 686 688 Fortuna
708 629 836 702 adJuvat.
881 626 948 684 Ter.
968 587 1090 685 Fhorm.
1115 620 1187 688 203.

702 743 773 806 725.

172 855 313 915 Fortibus
336 861 382 914 est
403 854 522 913 fortuna
543 855 615 913 viris
638 855 717 912 data.
742 881 783 891 —
828 851 906 908 Eun.
930 849 1007 908 Ann.
1032 843 1104 908 262.

699 949 771 1014 726.

173 1065 294 1122 Fortior
315 1063 346 1120 in
369 1062 449 1120 fulva
471 1079 562 1119 novus
586 1068 632 1120 ost
652 1063 781 1119 luctator
804 1074 903 1127 arena,

259 1167 350 1239 Quam
374 1166 422 1224 oui
445 1171 514 1224 sunt
535 1167 624 1238 longa
645 1165 769 1224 brachia
783 1162 864 1221 fessa
879 1177 971 1219 mora.
1000 1160 1053 1220 Ov.
1066 1161 1155 1219 Trist.
1170 1156 1201 1231 4,
1213 1155 1246 1231 6,
1259 1155 1311 1221 31.

703 1278 774 1342 727.

420 1390 613 1448 Fortissimus
636 1390 685 1448 ill'e
709 1392 765 1457 ast,

175 1494 231 1564 Qui
254 1500 386 1566 promtus
410 1493 568 1550 metuenda
589 1492 667 1564 pati,
692 1492 715 1548 si
740 1490 902 1548 comminus
926 1489 1046 1558 instent,

174 1597 215 1655 Et
237 1597 354 1656 differre
377 1603 484 1670 potest.
508 1627 548 1635 -
593 1597 705 1653 Lucan.
727 1594 832 1651 Phars.
858 1587 893 1661 7,
920 1587 989 1650 105.

702 1709 774 1773 728.

174 1820 307 1878 Fortiter
329 1819 431 1878 edisco
455 1821 555 1878 tristia
577 1837 665 1892 posse
688 1820 760 1892 pati.
807 1817 858 1874 Ov.
882 1817 953 1874 Her.
978 1812 1012 1886 7,
1039 1807 1107 1872 180.

704 1933 776 1997 720.

175 2043 308 2101 Fortiter
329 2045 382 2101 iile
404 2044 483 2114 fauit,
508 2043 558 2116 qui
582 2043 671 2103 miser
683 2059 748 2099 esse
762 2047 870 2113 potest.
900 2041 989 2100 Mart.
1008 2041 1111 2112 Epigr.
1128 2035 1175 2108 11,
1190 2035 1247 2111 56,
1265 2035 1315 2099 16.

702 2141 773 2204 730.

176 2251 309 2308 Fortiter
335 2251 445 2307 maium
475 2250 524 2322 qui
552 2249 679 2320 patitur,
708 2249 783 2307 idem
815 2257 885 2322 post
912 2249 1025 2321 patitur
1047 2245 1163 2304 bonum.
1209 2246 1314 2306 Plaut.

1030 2350 1112 2409 Asin.
1137 2348 1171 2416 2,
1195 2344 1236 2421 2,
1262 2345 1314 2409 58.

703 2450 773 2514 731.

175 2561 311 2618 Fortuna
333 2560 464 2618 arbitriis
489 2565 602 2632 tempus
626 2559 782 2631 dispensat
804 2559 929 2631 iniquis:

260 2664 405 2735 Illarapit
416 2664 549 2735 juvenes
566 2662 688 2721 sustulit
702 2662 755 2721 illa
770 2679 866 2721 senes.
896 2663 948 2722 Ov.
965 2661 1052 2720 Oona
1065 2661 1129 2719 Liv.
1144 2659 1218 2734 Aug.
1236 2657 1313 2721 369.
1330 2624 1334 2631 ⁴

705 2761 777 2825 732.

175 2870 309 2927 Fortuna
331 2869 402 2927 belli
426 2885 542 2940 semper
565 2867 688 2941 ancipiti
711 2870 741 2926 in
765 2870 831 2927 loeo
855 2874 909 2928 est.
955 2869 1023 2926 Seu.
1048 2868 1159 2926 Phoen.
1183 2863 1259 2925 629.

705 2966 776 3030 733.

174 3077 307 3134 Fortuna
330 3075 421 3132 fortes
445 3075 562 3144 metuit,
586 3077 707 3148 ignavos
730 3078 847 3148 premit.
894 3077 961 3135 Seu.
987 3075 1067 3134 Med.
1095 3070 1162 3131 159.

703 3191 773 3252 734.

174 3301 310 3358 Fortuna
329 3302 377 3372 jus
399 3299 430 3356 iu
454 3298 581 3357 hominis
604 3317 700 3357 mores
723 3315 781 3357 non
806 3299 904 3356 habet.
949 3300 983 3357 P.
1007 3302 1072 3375 Syr.

702 3413 772 3474 735.

173 3525 310 3582 Fortuna
333 3540 438 3596 magua
460 3540 566 3596 magna
588 3522 707 3581 domino
731 3528 776 3580 est
798 3523 932 3582 servitus.
978 3523 1010 3581 P.
1035 3522 1098 3596 Syr.

705 3620 776 3681 736.

174 3729 336 3786 Fortunam
360 3730 448 3786 citius
471 3729 604 3801 reperias
629 3747 715 3802 quam
738 3730 877 3787 retineas.
922 3730 954 3787 P.
980 3730 1044 3804 Syr.

701 3828 772 3890 737.

422 3935 556 3993 Fortuna
580 3935 746 3994 miserrima
768 3942 831 3994 tuta
855 3943 915 3995 est:

259 4039 334 4096 Nam
359 4040 448 4096 timor
470 4043 590 4096 eventus
614 4039 770 4097 deterioris
794 4040 884 4098 abest.
932 4040 983 4097 Ov.
1008 4041 1093 4098 Pont.
1118 4035 1147 4110 2,
1172 4034 1201 4108 2,
1224 4036 1279 4100 31.

705 4135 776 4199 738.

174 4245 336 4303 Fortunam
360 4251 530 4303 reverenter
553 4245 642 4316 habe,
667 4247 834 4319 quicunque
857 4251 979 4318 repente

260 4348 352 4407 Dives
374 4348 410 4407 ab
433 4349 502 4406 exili
525 4349 715 4423 progrediere
738 4350 813 4408 ioco.
859 4349 970 4408 Auson.
994 4350 1096 4425 Epigr.
1121 4345 1156 4417 8,
1180 4348 1208 4410 7.
