2948 5040
718 349 924 451 militm„

771 539 864 607 2342.

259 651 381 711 Scilicet
403 649 536 710 adversis
559 648 694 723 probitas
716 650 849 709 exercita
869 649 960 709 rebus

341 753 435 813 Tristi
458 754 611 813 materiam
633 757 769 828 tempore
791 751 890 811 laudis
914 750 1014 814 habet
1059 753 1113 813 Or·
1136 752 1228 814 Trist
1251 749 1283 826 5,
1293 750 1322 828 5,
1339 754 1422 818 49.

768 883 861 946 2343.

258 994 381 1055 Scilicet
402 993 523 1053 affectus
547 992 659 1051 similes
682 996 734 1050 aut
754 991 883 1064 impetus
905 992 984 1051 idem

340 1097 440 1157 Rebus
463 1094 499 1155 ab
523 1094 633 1154 auditis
657 1093 885 1169 conspicuisque
907 1097 1010 1155 veuit?
1055 1096 1108 1156 0v.
1132 1097 1221 1158 Pont.
1245 1094 1276 1171 3,
1293 1095 1322 1172 4,
1341 1095 1418 1159 21.

769 1225 864 1290 2344.

256 1336 380 1397 Scilicet
401 1335 534 1410 ejusdem
556 1339 615 1405 est,
639 1335 772 1408 quamvis
795 1351 929 1409 pugnare
952 1337 1080 1410 videtur,

341 1438 530 1514 supplicibus
543 1437 670 1508 facilem,
687 1437 822 1497 sontibus
836 1445 1033 1499 essetrucem.
1063 1440 1116 1501 Ov.
1141 1442 1230 1504 Pont
1247 1439 1276 1516 4,
1294 1439 1323 1515 6,
1340 1437 1407 1498 31.

774 1552 869 1617 2345.

257 1663 379 1723 Scilicet
400 1666 446 1721 est
469 1660 592 1734 cupidus
616 1660 782 1722 studiorum
806 1662 932 1736 quisque
954 1679 1084 1733 suorum,

342 1765 472 1838 Tempus
494 1771 525 1823 et
548 1771 669 1825 assueta
690 1779 807 1840 ponere
826 1766 858 1824 iu
881 1770 946 1824 arte
965 1767 1059 1839 juvat.

257 1866 383 1929 Saucius
406 1868 504 1941 eJurat
525 1885 651 1940 pugnam
674 1866 833 1940 gladiator,
857 1872 888 1927 et
910 1868 988 1928 idem

342 1950 501 2030 Immemor
523 1970 638 2044 antiqui
661 1971 793 2029 vulneris
817 1987 899 2030 arma
921 1971 1012 2047 capit·

256 2075 308 2134 Nil
331 2073 387 2133 sibi
411 2090 477 2132 cum
498 2073 597 2147 pelagi
619 2072 692 2133 dicit
712 2073 778 2134 iore
799 2072 959 2147 naunagus
982 2073 1080 2148 undis,

343 2177 385 2236 Et
408 2176 490 2236 ducit
512 2192 618 2248 remos,
645 2176 814 2252 quamodo
836 2177 920 2236 navit
941 2194 1028 2252 aqua.
1076 2177 1129 2238 Ov.
1145 2178 1233 2238 Pont.
1250 2175 1278 2250 1,
1294 2175 1323 2248 5,
1346 2159 1408 2227 35·

775 2307 868 2372 2346.

259 2417 383 2477 Scilicet
405 2421 437 2475 et
458 2422 574 2474 veteres
596 2415 711 2489 lugiunt
729 2418 802 2490 juga
824 2434 914 2477 curva
931 2418 1061 2491 juvenci,

245 2522 247 2527 '
344 2518 387 2578 Et
409 2518 537 2578 domitus
560 2517 644 2578 freno
667 2537 758 2594 saepe
780 2526 927 2594 repugnat
949 2537 1052 2595 equus.
1082 2521 1238 2582 0v.Trist.
1251 2519 1281 2594 4,
1294 2518 1324 2595 6,
1344 2499 1424 2573 93·

775 2633 869 2696 2347.

263 2741 386 2802 Scilicet
407 2748 438 2801 et
458 2743 553 2801 uictus
576 2741 687 2813 repetit
708 2740 858 2814 gladiator
880 2757 1010 2812 arenam,

279 2846 283 2855 '
345 2845 386 2905 Et
408 2845 488 2904 redit
508 2844 540 2903 in
566 2842 693 2903 tumidas
708 2844 851 2917 naufraga
865 2847 976 2918 puppis
990 2863 1095 2920 aquas⁸
1129 2848 1181 2906 Ov.
1196 2849 1287 2907 Trist.
1300 2843 1328 2918 2,
1369 2824 1433 2888 47·

777 2957 869 3022 2348.

265 3067 387 3127 Scilicet
409 3067 520 3139 exiguis
543 3082 650 3139 magna
672 3065 725 3126 sub
749 3066 876 3140 imagine
896 3067 983 3128 rebus

262 3171 448 3245 Prospicies‚
487 3185 563 3243 quae
591 3169 631 3228 sit
659 3170 736 3228 ratio
767 3178 796 3228 et
831 3187 890 3245 quo
925 3171 983 3231 fine
1017 3172 1158 3245 regenda.
1215 3171 1298 3233 Grat.
1330 3153 1432 3235 F⁴l¹r

1192 3275 1300 3350 Cyneg.
1324 3251 1432 3364 326·

781 3387 874 3452 2349.

266 3496 389 3556 Scilicet
411 3495 523 3568 exiguis
547 3494 672 3568 prodest
693 3510 807 3554 annosa
829 3500 970 3567 vetustas,

351 3597 519 3657 Grandibus
534 3598 680 3658 accedunt
694 3604 828 3671 tempore
839 3598 947 3659 damna
958 3601 1052 3660 malis.
1084 3599 1135 3659 Or.
1151 3600 1243 3659 Trist.
1259 3596 1288 3668 5,
1302 3594 1331 3670 2,
1348 3590 1376 3652 1
1411 3567 1439 3627 ¹·

782 3713 876 3779 2350.

360 3897 361 3901 ¹
515 3819 637 3879 Scilicet
658 3820 812 3894 improbae

267 3922 413 3982 Crescunt
436 3922 573 3992 divitiae3
597 3926 695 3982 mmen

267 4024 378 4085 (luntas
399 4026 501 4085 nescio
526 4025 597 4100 quid
620 4041 737 4100 semper
759 4026 843 4087 abest
865 4028 919 4088 rei.
964 4029 1038 4087 Hor.
1063 4027 1118 4086 Od.
1143 4023 1172 4101 3,
1196 4021 1247 4098 24,
1272 4023 1323 4088 62.

782 4142 876 4209 2351.

271 4249 391 4309 Scilicet
412 4248 539 4322 ingeniis
564 4248 664 4323 aliqua
686 4255 732 4309 cst
754 4250 915 4310 concordia
933 4250 1053 4323 junctis,

354 4350 395 4412 Et
416 4356 516 4412 servat
538 4351 628 4411 studii
650 4351 773 4413 foedera
794 4353 921 4429 quisque
941 4353 997 4414 sui.
1045 4352 1101 4413 0v.
1125 4352 1214 4413 Pout.
1237 4345 1274 4425 2,
1297 4347 1327 4423 5,
1350 4335 1443 4407 59⁴
