2978 5048
561 398 602 412 ΛΑ
610 400 623 409 ‘u
634 400 652 413 ⁴,
662 401 741 413 xzxmtx.
748 402 765 414 υ

644 511 694 572 81.

97 613 149 671 An
173 612 335 686 quidquam
358 613 443 672 uobis
466 618 517 674 tali
541 619 581 676 sit
602 636 724 678 munere
746 623 863 694 majus?
886 617 967 690 Virg.
991 619 1063 680 Buc.
1086 616 1115 689 5,
1139 616 1189 681 53.

647 735 697 798 82.

100 841 154 898 An
179 839 333 912 quisquam
357 845 402 897 est
425 839 501 898 alius
524 841 608 911 liber,
631 843 689 900 uisi
713 844 819 901 ducere
842 846 931 903 vitam

96 944 157 1002 Cui
181 946 261 1012 licet,
285 948 318 1002 ut
339 945 452 1003 voluit?
476 973 517 982 —-
545 945 627 1006 Pera.
652 947 714 1007 Sat.
738 943 773 1017 5,
796 944 848 1005 83.

644 1063 694 1123 83.

94 1170 205 1231 Ardua
226 1170 375 1229 molimur:
403 1168 457 1227 sed
479 1171 561 1229 uuila
584 1171 640 1228 uisi
664 1172 756 1229 ardua
777 1170 881 1231 virtus.
914 1171 967 1229 Ov.
989 1175 1024 1230 A.
1047 1173 1082 1232 A.
1106 1169 1134 1243 2,
1159 1168 1231 1231 537.

639 1286 693 1350 84.

94 1397 204 1457 Ardua
226 1409 447 1468 perpraeceps
470 1394 566 1464 gloria
588 1394 677 1452 vadat
698 1395 763 1454 iter.
809 1397 861 1456 Ov.
885 1397 975 1456 Trist.
999 1393 1033 1466 4,
1057 1393 1091 1467 3,
1118 1394 1166 1454 71.

640 1509 691 1572 85.

100 1621 204 1681 Ardua
225 1619 322 1693 prima
343 1617 392 1677 via
415 1622 468 1676 est.
492 1645 535 1654 -
579 1618 631 1677 0v.
655 1617 728 1678 Met.
753 1613 785 1688 2,
810 1615 860 1678 63.

642 1734 693 1796 86.

90 1844 202 1906 Ardua
224 1843 333 1918 quippe
355 1841 429 1900 fides
452 1841 589 1899 robustos
612 1842 703 1914 exigit
723 1859 825 1900 annue.
861 1844 973 1904 Lucan.
990 1844 1095 1904 Phara.
1113 1842 1142 1915 8,
1157 1841 1229 1907 282.

640 1957 690 2021 87.

90 2066 203 2126 Ardua
225 2067 363 2126 virtutem
386 2064 499 2138 profert
516 2050 578 2124 uia.
601 2092 643 2103 -
688 2066 739 2126 Sil.
763 2067 831 2126 Ital.
854 2067 928 2125 Pun.
953 2063 989 2140 2,
1013 2064 1085 2129 578.

641 2179 692 2242 88.

347 2289 439 2348 Arma
460 2303 519 2345 nou
541 2293 661 2346 servant
682 2287 814 2346 modum:

94 2395 166 2452 Nec
189 2393 347 2465 temperari
370 2392 455 2450 facile
478 2406 533 2450 nec
555 2391 677 2464 reprimi
701 2397 800 2466 potest

92 2496 205 2555 Stricti
227 2495 308 2554 cusis
331 2494 386 2554 ira.
431 2494 514 2553 Bella
537 2495 665 2554 delectat
688 2512 784 2555 cruor.
831 2497 899 2556 Seu.
923 2498 1009 2558 Herc.
1033 2498 1104 2558 Fur.
1128 2492 1200 2558 403.

637 2610 687 2672 89.

89 2720 189 2780 Arma
210 2723 315 2792 parate
336 2718 443 2777 animis
465 2723 496 2776 et
518 2735 570 2791 spe
592 2719 771 2792 praesumite
783 2719 907 2777 bellum!
931 2717 1162 2793 virg.Aen.lt‚
1181 2718 1227 2779 18.

639 2834 689 2898 90.

86 2945 246 3015 Armaque
268 2944 300 3001 in
322 2948 453 3001 armatos
475 2926 677 3014 eumereJu1·a
699 2943 808 3001 sinunt.
853 2945 905 3004 Ov.
929 2943 964 3004 A.
988 2944 1023 3002 Α.
1049 2940 1083 3013 3,
1109 2940 1181 3004 492.

641 3058 691 3122 91.

344 3165 436 3224 Arma
457 3167 570 3225 tenenti

89 3272 206 3333 Omnia
228 3271 287 3340 dat,
312 3270 362 3344 qui
381 3273 463 3344 justa
485 3275 580 3342 negat.
604 3299 647 3308 -
690 3270 802 3329 Lucan.
825 3273 929 3331 Phars.
958 3269 991 3342 1,
1016 3266 1088 3329 348.

642 3385 692 3448 92.

88 3498 290 3570 Armipotens
314 3495 430 3563 ductor,
455 3510 541 3566 quam
565 3498 635 3551 suut
656 3499 709 3552 tua
731 3495 792 3554 iata
813 3513 867 3568 per
890 3492 988 3553 urbem

86 3603 274 3662 Lamentata
295 3599 363 3657 diu!
391 3630 426 3638 —
453 3598 504 3656 sil.
527 3597 599 3656 Iial..
618 3599 691 3657 Puu.
719 3594 772 3669 13,
797 3595 867 3657 711.

637 3714 687 3778 93.

88 3828 155 3888 Ars
180 3829 227 3882 est
250 3822 402 3896 captandi,
428 3821 506 3895 quod
529 3821 616 3891 nolis,
640 3824 715 3882 velle
737 3823 844 3891 videri3

185 3928 230 3986 Ne
244 3925 345 3997 155155,
362 3931 453 3999 optat,
468 3924 547 4000 quod
559 3931 653 3998 rogat,
667 3931 700 3983 ut
717 3924 820 3984 facias.
850 3925 939 3984 Mart.
953 3925 1055 3998 Epigr.
1077 3921 1124 3995 11,
1137 3922 1187 3996 55,
1197 3920 1226 3983 3.

640 4024 690 4085 94.

88 4134 218 4205 Arsit,
242 4133 291 4192 ubi
315 4150 333 4191 a
355 4134 465 4192 teucris
488 4133 598 4192 crimen
622 4130 805 4191 condiscitur
827 4132 922 4190 annia.
959 4133 1011 4192 0v.
1035 4133 1105 4191 Her.
1130 4126 1158 4201 4,
1176 4127 1226 4190 25.

642 4231 692 4292 95.

89 4344 155 4403 Ars
179 4340 225 4398 1111
248 4357 302 4398 sua
324 4356 429 4399 census
453 4345 526 4400 erat.
550 4368 591 4379 -
637 4340 690 4400 Ov.
714 4337 787 4405 Met.
811 4331 840 4410 3,
866 4333 937 4397 588.
