2948 5040
542 375 676 475 ...lte
714 460 720 465 .

578 568 672 629 2161.

60 679 182 751 Quippe
204 676 311 734 etenim
334 693 420 750 quum
443 677 537 734 multu
557 675 611 733 11111
631 678 691 748 jam
714 676 825 748 fingere
847 684 974 749 possunt

58 782 203 847 Somnia,
226 796 302 854 quae
323 782 402 837 ritae
423 781 556 838 rationes
578 788 694 838 vertere
717 781 833 852 possint

59 887 273 956 Fortunaeque
295 892 361 941 tuns
383 900 484 942 omues
506 883 628 941 turbare
650 884 773 941 timore!
807 884 925 942 Lueret
949 884 984 941 ll.
1008 885 1043 942 X.
1070 879 1096 951 1,
1122 878 1192 938 tol.

576 1015 670 1077 2162.

61 1126 183 1199 Quippe
204 1126 248 1184 itu
268 1125 395 1184 formido
417 1126 558 1183 mortales
580 1128 714 1183 continet
736 1140 849 1187 omnes.

59 1230 149 1302 Quod
173 1231 264 1287 multa
285 1231 315 1287 iu
338 1230 428 1288 terris
450 1229 515 1286 lieri
538 1230 682 1302 coeloque
705 1238 833 1287 tuentur.

61 1335 196 1405 Quorum
218 1350 340 1406 operum
363 1349 470 1391 causus
493 1334 576 1390 nullu
597 1333 714 1390 ratione
732 1331 832 1389 videre

59 1438 196 1496 Possunt
215 1454 250 1495 ne
273 1437 338 1495 fieri
360 1437 461 1494 diuino
484 1437 604 1494 numine
626 1446 738 1494 rentur.
784 1435 903 1494 Lueret.
933 1436 968 1493 B.
992 1436 1028 1493 N.
1056 1432 1089 1503 1,
1123 1429 1192 1488 151.

579 1569 672 1631 2163.

310 1678 426 1752 Quippe
449 1679 555 1735 minuti

10 1850 12 1855 ,
57 1785 189 1857 Semper
210 1790 241 1842 et
262 1782 370 1841 infirmi
394 1792 440 1839 est
462 1782 552 1839 animi
575 1782 733 1855 exiguique
755 1782 891 1853 voluptas

55 1887 156 1946 Ultio.
180 1914 222 1925 -
264 1887 332 1944 Jur.
355 1886 418 1944 Sat.
447 1881 498 1954 13,
525 1880 596 1943 189.

578 2000 674 2062 2161.

58 2114 181 2186 Quippe
203 2111 252 2169 ubi
275 2109 319 2168 las
341 2127 458 2167 versum
482 2117 571 2182 atque
595 2109 693 2166 uelem:
716 2117 762 2166 tot
784 2109 863 2167 bella
885 2129 939 2184 per
960 2109 1072 2171 orbem,

57 2217 136 2274 Tam
159 2216 267 2272 multae
289 2215 434 2272 scelerum
457 2214 566 2270 loeies:
591 2230 648 2270 uon
672 2214 750 2270 ullus
773 2222 874 2270 aratro

58 2320 180 2392 Dignus
200 2319 311 2376 honos:
346 2318 484 2390 squalent
506 2315 641 2373 abductis
664 2332 736 2372 artu
760 2317 885 2391 colonis.

56 2422 101 2480 Et
117 2436 227 2479 curvae
241 2419 368 2492 rigidum
391 2418 704 2478 lnlcesoonflauturiu
722 2436 831 2477 ensem.
863 2419 1062 2492 l'irg.Georg.
1082 2417 1107 2487 l,
1121 2415 1194 2475 505.

578 2552 674 2614 2165.

60 2661 121 2733 Qui
144 2661 273 2732 pretium
295 2661 393 2719 meriti
416 2660 454 2719 ab
476 2661 621 2733 improbis
644 2660 804 2727 desiderat,

63 2766 121 2823 Bis
143 2772 264 2837 peccet:
287 2766 413 2838 primum
437 2766 577 2837 quonium
600 2765 739 2836 indignos
761 2764 897 2835 adjurat:

10 2850 12 2869 ⁵
67 2869 196 2941 Impune
219 2868 326 2926 deiude
349 2869 498 2941 quiajam
522 2885 581 2925 uon
604 2877 712 2940 potest.
757 2867 883 2925 Phaedr.
908 2867 980 2925 Fab.
1008 2862 1039 2933 1,
1063 2861 1100 2932 S,
1126 2860 1153 2922 1.

578 2982 674 3045 2166.

65 3093 128 3164 Qui
151 3092 268 3164 rapitur
290 3092 372 3149 latis.
397 3092 468 3164 quid
490 3102 612 3164 praeter
634 3092 695 3148 luta
718 3093 868 3163 requirat?

155 3195 251 3267 Saepe
274 3202 355 3252 ereat
378 3196 482 3252 molles
506 3213 613 3267 aspera
635 3197 722 3266 spina
740 3212 837 3252 rosas.
866 3196 1022 3253 01.Ρο111.
1045 3190 1075 3252 2.
1099 3190 1129 3253 2.
1144 3189 1195 3249 33.

575 3310 670 3373 2161.

59 3420 123 3492 Qui
147 3422 235 3491 sapit
258 3421 288 3477 iu
311 3420 404 3476 tacito
427 3420 554 3491 gaudeat
576 3419 628 3477 ille
652 3419 729 3475 sinu.
777 3416 841 3474 Tib.
866 3417 947 3488 Eleg.
973 3411 1010 3485 1,
1037 3413 1089 3475 13.
1113 3411 1142 3474 S.

579 3533 673 3593 2166.

57 3644 136 3716 Quis
159 3645 272 3700 eoelum
295 3645 391 3715 possit
414 3645 471 3701 nisi
495 3645 568 3700 coeli
592 3659 714 3700 munera
737 3647 845 3699 nosse?

56 3748 101 3806 Et
127 3747 260 3819 reperire
283 3747 379 3815 deum,
400 3749 459 3804 nisi
483 3747 533 3820 qui
556 3764 625 3818 pars
648 3748 712 3819 ipse
725 3745 847 3802 deorum
865 3751 933 3801 est?
955 3743 1060 3801 11111111
1075 3745 1195 3800 Astron.

1061 3842 1097 3914 2,
1126 3842 1194 3904 115.

576 3962 671 4026 2169.

313 4075 386 4144 Quis
410 4074 523 4131 dubitet
542 4073 662 4129 nomina
675 4078 757 4128 tauta
770 4072 876 4143 sequi?
906 4071 959 4129 01.
974 4062 1195 4138 111512412.

579 4187 675 4249 21111.

56 4297 119 4368 Qui
141 4313 175 4354 se
197 4297 354 4354 committit
377 4296 489 4353 homini
511 4295 668 4353 tutandum
691 4296 837 4367 improbo,

55 4400 185 4459 Auxilia
205 4399 275 4458 dum
297 4400 440 4473 requirit⁴¹
464 4400 586 4457 exitium
610 4399 734 4456 invenit.
780 4398 905 4456 I’ltaedr.
930 4397 1008 4455 fan·
1032 4393 1062 4456 1.
1086 4393 1144 4465 31,
1170 4394 1197 4454 l.
