2978 5048
734 382 771 444 14

648 465 839 481 ΜΧΛΓνἊΐκΙν
843 469 853 482 N

713 572 782 637 167.

183 682 343 741 Benefacta
364 683 525 745 benefactis
549 680 616 738 aliis
643 682 803 752 persegne,
834 699 870 741 ue
899 686 1066 757 perpluant.
1113 689 1207 750 Plaut
1230 693 1316 753 Prin.

1095 830 1101 843 .
1144 789 1178 863 2,
1203 790 1238 866 2,
1264 791 1317 854 38.

712 883 781 946 168.

182 993 342 1053 Beneiacta
371 996 448 1053 male
475 995 574 1053 iocata
603 991 760 1052 malefacta
785 992 925 1060 arbitror.
969 995 1047 1057 Ena.
1072 999 1150 1070 apud
1170 998 1231 1059 Cic.
1257 1001 1317 1062 011.

1119 1095 1153 1172 2,
1180 1098 1235 1175 18,
1261 1100 1315 1166 62.

714 1192 783 1255 169.

333 1363 334 1367 ,
428 1302 510 1361 Bene
531 1299 610 1361 ferre
631 1316 766 1373 magnam

182 1406 271 1465 Disce
292 1405 450 1465 fortunam.
474 1434 515 1445 -
559 1405 632 1462 Hor.
656 1403 710 1462 Od.
734 1399 770 1475 3,
794 1398 849 1475 27,
874 1400 924 1463 74.

712 1517 783 1582 176.

180 1629 330 1690 Beneficia
351 1630 439 1703 plura
460 1629 586 1705 recipit,
609 1628 660 1702 qui
681 1628 740 1686 seit
761 1627 896 1688 reddere.
939 1630 972 1689 P.
997 1630 1063 1706 Syr.

710 1743 780 1806 171.

179 1855 360 1914 Beneficium
383 1853 519 1926 accipere
542 1853 708 1912 libertatem
731 1859 777 1911 est
798 1851 936 1913 vendere.
980 1854 1015 1916 P.
1039 1853 1104 1930 Syr.

710 1967 779 2031 172.

179 2078 359 2138 Beneficium
382 2075 481 2136 dando
504 2077 626 2151 accipit,
650 2076 700 2150 qui
723 2075 812 2149 digno
835 2075 927 2136 dedit.
970 2079 1003 2138 P.
1027 2079 1093 2153 Syr.

709 2191 779 2254 173.

178 2299 359 2359 Beneficium
383 2300 478 2373 dignis
500 2297 551 2357 ubi
574 2298 640 2368 des,
669 2312 770 2358 omnes
793 2297 915 2372 obliges.
959 2302 993 2361 P.
1017 2299 1082 2375 Syr.

708 2411 777 2476 174.

178 2523 359 2583 Beneficium
382 2523 433 2597 qui
457 2522 528 2582 dare
550 2523 664 2593 nescit,
685 2521 796 2594 injuste
818 2524 901 2596 petit
945 2525 979 2585 P.
1004 2525 1069 2599 Syr.

708 2637 778 2704 175.

177 2747 356 2807 Beneficium
380 2747 431 2821 qui
454 2746 570 2806 dedisse
593 2763 625 2806 se
647 2746 735 2818 dicit,
757 2749 841 2822 petit.
886 2747 919 2807 P.
943 2748 1009 2823 Syr.

704 2847 775 2910 176.

176 2952 356 3013 Beneficium
379 2968 468 3027 saepe
491 2952 562 3011 dare
586 2952 692 3013 docere
713 2959 761 3012 est
782 2953 916 3013 reddere.
961 2955 994 3016 P.
1020 2955 1085 3029 Syr.
1182 3023 1185 3028 ,

704 3052 774 3114 177.

424 3157 506 3218 Bene
527 3165 691 3235 paupertas

175 3257 287 3320 Humili
309 3267 389 3321 tecto
412 3268 553 3322 contenta
574 3265 655 3324 latet

176 3365 320 3437 Quatiunt
342 3366 417 3424 altas
440 3381 531 3441 saepe
553 3368 703 3440 procellae
726 3379 730 3382 ’

175 3469 236 3527 Aut
256 3469 362 3528 evertit
383 3467 520 3529 Fortuna
542 3470 655 3529 domos.
700 3470 769 3529 Seu.
792 3470 828 3539 (1)
851 3470 916 3530 Oct.
941 3464 1015 3530 895.

704 3569 774 3633 178.
979 3624 982 3627 ,

422 3674 504 3735 Bene
527 3676 578 3750 qui
598 3677 695 3749 latuit,
716 3677 794 3736 bene
815 3678 899 3744 vixit.
914 3706 950 3720 ·-
975 3679 1027 3739 Or.
1051 3679 1141 3740 Trist
1165 3674 1306 3751 1115.

705 3774 777 3840 179.

422 3881 504 3941 Bene
525 3883 551 3940 si
573 3884 669 3942 amieo
691 3882 809 3954 teraris,

173 3983 219 4042 Ne
246 3984 346 4058 pigeat
374 3983 495 4045 iecisse:
540 3992 574 4046 ut
608 3986 709 4062 potius
736 3986 862 4061 pudeat,
892 3991 918 4048 si
947 4006 1007 4050 nou
1035 3990 1152 4052 feceris.
1203 3992 1306 4054 Plout.

1026 4096 1107 4155 Trin.
1132 4090 1169 4167 2,
1193 4089 1228 4167 2,
1252 4089 1306 4156 66.

705 4189 775 4253 1811.

173 4291 255 4350 Beue
283 4300 313 4352 11
340 4294 440 4366 potius
468 4295 568 4355 dicere
599 4312 725 4372 aequum
757 4306 804 4358 est
832 4300 944 4360 bomini
972 4301 1066 4361 amice
1097 4317 1183 4375 quam
1211 4302 1302 4362 mele.

848 4457 855 4473 ,
905 4405 1002 4483 eraut,
1026 4405 1107 4464 nris.
1131 4403 1168 4476 4,
1192 4401 1225 4477 a,
1251 4401 1303 4466 79.
1384 4457 1388 4471 ,
