2978 5048
715 527 808 592 1967.

450 636 635 711 Praecipites
657 654 756 710 regum
782 653 867 696 casus

168 738 337 796 Fortuna
356 743 446 799 rotet.
469 769 512 781 -
556 741 621 800 Seu.
646 739 747 814 egam.
766 735 816 799 71.

714 856 804 920 1968.

286 964 405 1023 Praeda
425 970 524 1024 tamen
547 964 646 1024 multis
669 973 715 1025 est
736 972 861 1040 operata
882 968 975 1025 malis.

170 1069 319 1130 Praeda
339 1069 418 1127 feras
441 1069 520 1127 ecies
544 1069 636 1127 cinxit
664 1069 849 1129 discordibus
872 1072 977 1139 armis;

289 1173 368 1232 Hinc
391 1187 492 1241 cruor,
516 1172 586 1232 hinc
608 1172 730 1244 caedes,
754 1190 834 1232 mors
856 1174 1037 1247 propiorque
1059 1172 1148 1233 venit.

174 1275 319 1337 Praeda
341 1291 414 1348 vago
433 1276 524 1348 jussit
545 1276 693 1347 geminare
713 1278 849 1349 pericula
870 1282 972 1350 ponto,

290 1379 404 1438 Bellica
425 1396 489 1437 cum
512 1378 608 1438 dubiis
631 1386 730 1439 rostra
752 1380 834 1440 dedit
855 1381 977 1440 ratibus.
1010 1379 1075 1440 Tib.
1090 1373 1174 1453 Eleg.
1188 1374 1217 1452 2,
1234 1374 1263 1451 3,
1276 1374 1325 1436 36.

717 1495 809 1558 1969.

453 1603 653 1662 Praeveniens
677 1604 824 1678 quondam
848 1612 893 1665 est
914 1604 1099 1665 incommoda
1114 1605 1218 1664 virtus.
1246 1602 1328 1663 Gret.

1035 1709 1098 1769 Fal.
1124 1705 1232 1782 Cyneg.
1256 1701 1326 1765 509.

718 1824 810 1888 1979.

180 1933 305 1993 Pretio
328 1935 433 2004 parata
454 1931 583 1989 vincitur
604 1931 701 2004 pretio
724 1932 807 1992 fides.
854 1932 923 1992 Son.
945 1931 1047 2006 egam.
1071 1925 1144 1993 287.

719 2047 811 2109 1971.

450 2154 549 2213 Prima
571 2155 735 2227 languescit
757 2173 858 2215 senum

185 2259 360 2320 Memoria.
384 2285 427 2295 -·
471 2258 539 2317 Sen.
564 2257 634 2317 Oed.
659 2253 730 2320 817.

724 2373 815 2436 1972.

195 2481 400 2555 Principibus
423 2481 570 2553 placuisse
584 2481 655 2540 viris
668 2497 727 2541 non
740 2484 843 2543 ultima
856 2486 918 2543 laus
931 2490 984 2545 est.
1014 2484 1085 2543 Hor.
1097 2483 1154 2556 Ep.
1170 2477 1197 2551 l,
1217 2475 1265 2548 17,
1279 2472 1330 2536 35.

719 2615 811 2678 1973.

190 2723 365 2796 Principiis
389 2722 487 2781 obsta:
511 2739 577 2781 sero
600 2723 747 2783 medicina
768 2730 900 2798 paratur,

294 2825 366 2884 Cum
389 2827 466 2884 mala
486 2842 540 2899 per
562 2827 664 2900 longas
687 2829 863 2887 convaluere
885 2845 991 2888 moras.
1038 2827 1089 2886 Ov.
1110 2825 1191 2883 Rem.
1215 2818 1267 2881 91.

721 2942 812 3005 1974.

195 3050 354 3122 Principis
379 3055 425 3106 est
446 3049 538 3108 virtus
562 3051 688 3109 maxima
710 3068 797 3109 nosse
821 3066 899 3110 suos.
943 3049 1034 3108 Mart.
1058 3049 1160 3122 Epigr.
1185 3045 1213 3117 3,
1240 3043 1287 3116 15,
1302 3043 1332 3106 8.

722 3168 811 3229 1975.

197 3272 343 3333 Privatus
366 3273 426 3331 illis
450 3289 556 3331 census
579 3280 645 3332 eret
665 3274 772 3341 brevis,

200 3375 366 3435 Commune
388 3393 532 3448 magnum.
557 3405 596 3415 -
641 3377 713 3436 Hor.
737 3375 790 3435 Od.
815 3372 852 3447 2,
879 3372 931 3445 15,
959 3370 1006 3434 13.

719 3491 809 3554 1976.

200 3599 305 3661 Proba
327 3615 409 3658 merx
431 3598 518 3659 facile
543 3606 683 3659 emtorem
707 3601 830 3675 reperit,
853 3600 970 3659 tametsi
994 3600 1023 3657 in
1048 3599 1183 3657 abstruso
1196 3599 1254 3656 sita
1277 3601 1332 3654 est.

904 3704 1000 3761 Plaut.
1024 3702 1115 3760 Poen.
1143 3698 1175 3773 1,
1200 3696 1235 3772 2,
1263 3695 1331 3757 129.

720 3818 812 3882 1977.

451 3927 588 3987 Probitas
611 3928 749 3988 laudatur
771 3932 802 3985 et
824 3927 911 3999 alget.
956 3925 1022 3984 Juv.
1047 3926 1108 3986 Sat.
1135 3921 1166 3996 1,
1191 3917 1240 3979 74.

719 4043 810 4107 1978.

197 4148 331 4210 Probum
353 4155 467 4223 patrem
490 4167 555 4210 esse
578 4156 711 4225 oportet,
734 4152 784 4226 qui
807 4154 907 4209 natum
930 4165 1013 4207 suum

197 4254 277 4312 Esse
310 4250 495 4325 probiorem,
531 4272 617 4330 quarn
646 4256 729 4329 ipsus
758 4253 862 4323 fuerit,
896 4253 1035 4327 postulet.
1096 4252 1191 4310 Plaut.
1223 4250 1332 4309 Pseud.

1168 4350 1199 4425 1,
1222 4350 1259 4424 5,
1283 4348 1333 4414 23.
