<?xml version="1.0" encoding="UTF-8"?>
<!DOCTYPE html PUBLIC "-//W3C//DTD XHTML 1.0 Transitional//EN"
    "http://www.w3.org/TR/xhtml1/DTD/xhtml1-transitional.dtd">
<html xmlns="http://www.w3.org/1999/xhtml" xml:lang="en" lang="en">
 <head>
  <title>
</title>
<meta http-equiv="Content-Type" content="text/html;charset=utf-8" />
  <meta name='ocr-system' content='tesseract 3.04.00' />
  <meta name='ocr-capabilities' content='ocr_page ocr_carea ocr_par ocr_line ocrx_word'/>
</head>
<body>
  <div class='ocr_page' id='page_1' title='image "./florilegiumlati00fromgoog_0198.png"; bbox 0 0 2978 5048; ppageno 0'>
   <div class='ocr_carea' id='block_1_1' title="bbox 754 400 813 466">
    <p class='ocr_par' dir='ltr' id='par_1_1' title="bbox 754 400 813 466">
     <span class='ocr_line' id='line_1_1' title="bbox 754 400 813 466; baseline 0.068 -4"><span class='ocrx_word' id='word_1_1' title='bbox 754 400 813 466; x_wconf 92' lang='grc'><strong>179</strong></span> 
     </span>
    </p>
   </div>
   <div class='ocr_carea' id='block_1_2' title="bbox 682 487 888 504">
    <p class='ocr_par' dir='ltr' id='par_1_2' title="bbox 682 487 888 504">
     <span class='ocr_line' id='line_1_2' title="bbox 682 487 888 504; baseline -0.005 0"><span class='ocrx_word' id='word_1_2' title='bbox 682 488 803 504; x_wconf 59' lang='grc' dir='ltr'><strong>ΜᾺ,’“.Ι“,Ι</strong></span> <span class='ocrx_word' id='word_1_3' title='bbox 818 487 888 503; x_wconf 68' lang='grc' dir='ltr'><strong>ΛΑΝ</strong></span> 
     </span>
    </p>
   </div>
   <div class='ocr_carea' id='block_1_3' title="bbox 212 589 1203 773">
    <p class='ocr_par' dir='ltr' id='par_1_3' title="bbox 212 589 1203 773">
     <span class='ocr_line' id='line_1_3' title="bbox 732 589 825 658; baseline 0.075 -8"><span class='ocrx_word' id='word_1_4' title='bbox 732 589 825 658; x_wconf 88' lang='grc'><strong>2285.</strong></span> 
     </span>
     <span class='ocr_line' id='line_1_4' title="bbox 212 697 1203 773; baseline 0.001 -16"><span class='ocrx_word' id='word_1_5' title='bbox 212 700 273 757; x_wconf 89' lang='lat' dir='ltr'><strong>Res</strong></span> <span class='ocrx_word' id='word_1_6' title='bbox 297 705 343 758; x_wconf 87' lang='lat' dir='ltr'><strong>est</strong></span> <span class='ocrx_word' id='word_1_7' title='bbox 366 697 489 757; x_wconf 87' lang='lat' dir='ltr'>solliciti</span> <span class='ocrx_word' id='word_1_8' title='bbox 511 699 602 773; x_wconf 91' lang='lat' dir='ltr'>plena</span> <span class='ocrx_word' id='word_1_9' title='bbox 624 699 738 758; x_wconf 87' lang='lat' dir='ltr'><strong>timoris</strong></span> <span class='ocrx_word' id='word_1_10' title='bbox 763 716 853 758; x_wconf 91' lang='lat' dir='ltr'><strong>amor.</strong></span> <span class='ocrx_word' id='word_1_11' title='bbox 900 699 953 761; x_wconf 90' lang='lat' dir='ltr'><strong>Ov.</strong></span> <span class='ocrx_word' id='word_1_12' title='bbox 976 701 1048 760; x_wconf 87' lang='lat' dir='ltr'><strong>Her.</strong></span> <span class='ocrx_word' id='word_1_13' title='bbox 1077 699 1107 772; x_wconf 92' lang='grc'><strong>1,</strong></span> <span class='ocrx_word' id='word_1_14' title='bbox 1134 698 1182 763; x_wconf 90' lang='grc'><strong>12.</strong></span> <span class='ocrx_word' id='word_1_15' title='bbox 1201 738 1203 742; x_wconf 33' lang='lat'><em>⁴</em></span> 
     </span>
    </p>
   </div>
   <div class='ocr_carea' id='block_1_4' title="bbox 199 832 1099 2143">
    <p class='ocr_par' dir='ltr' id='par_1_4' title="bbox 199 832 1099 2143">
     <span class='ocr_line' id='line_1_5' title="bbox 732 832 825 896; baseline 0.065 -6"><span class='ocrx_word' id='word_1_16' title='bbox 732 832 825 896; x_wconf 91' lang='grc'><strong>2286.</strong></span> 
     </span>
     <span class='ocr_line' id='line_1_6' title="bbox 213 935 675 996; baseline 0.004 -2"><span class='ocrx_word' id='word_1_17' title='bbox 213 937 273 996; x_wconf 86' lang='lat' dir='ltr'><strong>Res</strong></span> <span class='ocrx_word' id='word_1_18' title='bbox 297 936 442 994; x_wconf 82' lang='lat' dir='ltr'><strong>humanas</strong></span> <span class='ocrx_word' id='word_1_19' title='bbox 466 935 570 996; x_wconf 89' lang='lat' dir='ltr'>ordine</span> <span class='ocrx_word' id='word_1_20' title='bbox 593 939 675 996; x_wconf 89' lang='lat' dir='ltr'>nullo</span> 
     </span>
     <span class='ocr_line' id='line_1_7' title="bbox 211 1039 753 1113; baseline 0 -15"><span class='ocrx_word' id='word_1_21' title='bbox 211 1041 349 1098; x_wconf 82' lang='lat' dir='ltr'><strong>Fortuna</strong></span> <span class='ocrx_word' id='word_1_22' title='bbox 370 1039 448 1112; x_wconf 81' lang='lat' dir='ltr'><strong>regit</strong></span> <span class='ocrx_word' id='word_1_23' title='bbox 471 1040 643 1113; x_wconf 81' lang='lat' dir='ltr'>spargitque</span> <span class='ocrx_word' id='word_1_24' title='bbox 666 1058 753 1099; x_wconf 89' lang='lat' dir='ltr'><strong>manu</strong></span> 
     </span>
     <span class='ocr_line' id='line_1_8' title="bbox 210 1142 730 1219; baseline 0.002 -19"><span class='ocrx_word' id='word_1_25' title='bbox 210 1143 341 1201; x_wconf 81' lang='lat' dir='ltr'>Munera</span> <span class='ocrx_word' id='word_1_26' title='bbox 364 1158 467 1212; x_wconf 83' lang='lat' dir='ltr'>caeca,</span> <span class='ocrx_word' id='word_1_27' title='bbox 491 1144 596 1219; x_wconf 79' lang='lat' dir='ltr'><strong>pejora</strong></span> <span class='ocrx_word' id='word_1_28' title='bbox 618 1142 730 1202; x_wconf 78' lang='lat' dir='ltr'>sovana.</span> 
     </span>
     <span class='ocr_line' id='line_1_9' title="bbox 210 1244 677 1315; baseline 0 -12"><span class='ocrx_word' id='word_1_29' title='bbox 210 1246 315 1304; x_wconf 83' lang='lat' dir='ltr'>Vincit</span> <span class='ocrx_word' id='word_1_30' title='bbox 337 1252 455 1304; x_wconf 84' lang='lat' dir='ltr'><strong>sanatos</strong></span> <span class='ocrx_word' id='word_1_31' title='bbox 479 1244 545 1304; x_wconf 91' lang='lat' dir='ltr'><strong>dira</strong></span> <span class='ocrx_word' id='word_1_32' title='bbox 568 1245 677 1315; x_wconf 87' lang='lat' dir='ltr'>iibid0;</span> 
     </span>
     <span class='ocr_line' id='line_1_10' title="bbox 211 1347 888 1421; baseline 0.004 -16"><span class='ocrx_word' id='word_1_33' title='bbox 211 1348 310 1407; x_wconf 81' lang='lat' dir='ltr'><strong>Fraus</strong></span> <span class='ocrx_word' id='word_1_34' title='bbox 334 1347 450 1406; x_wconf 89' lang='lat' dir='ltr'><strong>sublimi</strong></span> <span class='ocrx_word' id='word_1_35' title='bbox 474 1355 580 1421; x_wconf 78' lang='lat' dir='ltr'><strong>regnat</strong></span> <span class='ocrx_word' id='word_1_36' title='bbox 601 1349 633 1407; x_wconf 91' lang='lat' dir='ltr'><strong>in</strong></span> <span class='ocrx_word' id='word_1_37' title='bbox 657 1349 734 1409; x_wconf 89' lang='lat' dir='ltr'>ania.</span> <span class='ocrx_word' id='word_1_38' title='bbox 766 1355 767 1359; x_wconf 78' lang='grc'>’</span> <span class='ocrx_word' id='word_1_39' title='bbox 885 1410 888 1415; x_wconf 76' lang='grc'><strong>,</strong></span> 
     </span>
     <span class='ocr_line' id='line_1_11' title="bbox 209 1450 718 1524; baseline 0 -16"><span class='ocrx_word' id='word_1_40' title='bbox 209 1450 346 1510; x_wconf 83' lang='lat' dir='ltr'><strong>Tradere</strong></span> <span class='ocrx_word' id='word_1_41' title='bbox 368 1451 449 1524; x_wconf 82' lang='lat' dir='ltr'><strong>turpi</strong></span> <span class='ocrx_word' id='word_1_42' title='bbox 472 1451 567 1510; x_wconf 87' lang='lat' dir='ltr'><strong>fasces</strong></span> <span class='ocrx_word' id='word_1_43' title='bbox 591 1452 718 1524; x_wconf 90' lang='lat' dir='ltr'><strong>populus</strong></span> 
     </span>
     <span class='ocr_line' id='line_1_12' title="bbox 211 1553 903 1627; baseline 0.003 -15"><span class='ocrx_word' id='word_1_44' title='bbox 211 1553 347 1624; x_wconf 86' lang='lat' dir='ltr'><strong>Gaudet;</strong></span> <span class='ocrx_word' id='word_1_45' title='bbox 373 1554 491 1613; x_wconf 83' lang='lat' dir='ltr'><strong>eosdem</strong></span> <span class='ocrx_word' id='word_1_46' title='bbox 515 1555 586 1613; x_wconf 84' lang='lat' dir='ltr'><strong>colit</strong></span> <span class='ocrx_word' id='word_1_47' title='bbox 608 1559 697 1627; x_wconf 87' lang='lat' dir='ltr'><strong>atque</strong></span> <span class='ocrx_word' id='word_1_48' title='bbox 722 1553 792 1614; x_wconf 80' lang='lat' dir='ltr'><strong>odit.</strong></span> <span class='ocrx_word' id='word_1_49' title='bbox 900 1576 903 1583; x_wconf 50' lang='lat'>¹</span> 
     </span>
     <span class='ocr_line' id='line_1_13' title="bbox 208 1657 766 1733; baseline 0.002 -19"><span class='ocrx_word' id='word_1_50' title='bbox 208 1657 322 1716; x_wconf 87' lang='lat' dir='ltr'><strong>Tristis</strong></span> <span class='ocrx_word' id='word_1_51' title='bbox 347 1658 439 1716; x_wconf 86' lang='lat' dir='ltr'><strong>virtus</strong></span> <span class='ocrx_word' id='word_1_52' title='bbox 462 1673 605 1733; x_wconf 85' lang='lat' dir='ltr'><strong>perversa</strong></span> <span class='ocrx_word' id='word_1_53' title='bbox 626 1658 696 1716; x_wconf 86' lang='lat' dir='ltr'><strong>tulit</strong></span> <span class='ocrx_word' id='word_1_54' title='bbox 763 1688 766 1731; x_wconf 79' lang='lat'>3</span> 
     </span>
     <span class='ocr_line' id='line_1_14' title="bbox 205 1759 1051 1834; baseline 0.002 -17"><span class='ocrx_word' id='word_1_55' title='bbox 205 1759 353 1818; x_wconf 87' lang='lat' dir='ltr'><strong>Praemia</strong></span> <span class='ocrx_word' id='word_1_56' title='bbox 375 1761 458 1819; x_wconf 85' lang='lat' dir='ltr'><strong>recti.</strong></span> <span class='ocrx_word' id='word_1_57' title='bbox 505 1759 611 1820; x_wconf 82' lang='lat' dir='ltr'><strong>Castus</strong></span> <span class='ocrx_word' id='word_1_58' title='bbox 634 1761 772 1834; x_wconf 87' lang='lat' dir='ltr'><strong>sequitur</strong></span> <span class='ocrx_word' id='word_1_59' title='bbox 821 1817 824 1823; x_wconf 90' lang='grc'><strong>,</strong></span> <span class='ocrx_word' id='word_1_60' title='bbox 891 1824 894 1829; x_wconf 63' lang='grc'><strong>,</strong></span> <span class='ocrx_word' id='word_1_61' title='bbox 1007 1808 1010 1813; x_wconf 94' lang='grc'><strong>.</strong></span> <span class='ocrx_word' id='word_1_62' title='bbox 1046 1824 1051 1831; x_wconf 60' lang='grc'><strong>,</strong></span> 
     </span>
     <span class='ocr_line' id='line_1_15' title="bbox 203 1863 897 1943; baseline 0.007 -23"><span class='ocrx_word' id='word_1_63' title='bbox 203 1863 296 1921; x_wconf 92' lang='lat' dir='ltr'>Mala</span> <span class='ocrx_word' id='word_1_64' title='bbox 317 1871 496 1938; x_wconf 74' lang='lat' dir='ltr'><strong>pauperina,</strong></span> <span class='ocrx_word' id='word_1_65' title='bbox 521 1865 654 1937; x_wconf 84' lang='lat' dir='ltr'><strong>vitioque</strong></span> <span class='ocrx_word' id='word_1_66' title='bbox 676 1871 797 1937; x_wconf 57' lang='lat' dir='ltr'><strong>potens:</strong></span> <span class='ocrx_word' id='word_1_67' title='bbox 856 1934 860 1943; x_wconf 34' lang='grc' dir='ltr'>Ι</span> <span class='ocrx_word' id='word_1_68' title='bbox 894 1920 897 1925; x_wconf 94' lang='grc'><strong>.</strong></span> 
     </span>
     <span class='ocr_line' id='line_1_16' title="bbox 199 1967 478 2039; baseline 0.007 -15"><span class='ocrx_word' id='word_1_69' title='bbox 199 1968 330 2039; x_wconf 83' lang='lat' dir='ltr'>Regnat</span> <span class='ocrx_word' id='word_1_70' title='bbox 353 1967 478 2026; x_wconf 82' lang='lat' dir='ltr'><strong>adulter.</strong></span> 
     </span>
     <span class='ocr_line' id='line_1_17' title="bbox 202 2063 1099 2143; baseline 0.002 -15"><span class='ocrx_word' id='word_1_71' title='bbox 202 2070 232 2128; x_wconf 95' lang='grc' dir='ltr'><strong>Ο</strong></span> <span class='ocrx_word' id='word_1_72' title='bbox 260 2086 338 2128; x_wconf 90' lang='lat' dir='ltr'>vane</span> <span class='ocrx_word' id='word_1_73' title='bbox 362 2069 458 2143; x_wconf 89' lang='lat' dir='ltr'><strong>pudor</strong></span> <span class='ocrx_word' id='word_1_74' title='bbox 480 2069 645 2143; x_wconf 83' lang='lat' dir='ltr'><strong>falsumque</strong></span> <span class='ocrx_word' id='word_1_75' title='bbox 669 2063 777 2129; x_wconf 78' lang='lat' dir='ltr'><strong>decus!</strong></span> <span class='ocrx_word' id='word_1_76' title='bbox 819 2069 889 2129; x_wconf 83' lang='lat' dir='ltr'>San.</span> <span class='ocrx_word' id='word_1_77' title='bbox 913 2070 1003 2143; x_wconf 83' lang='lat' dir='ltr'><strong>Hipp.</strong></span> <span class='ocrx_word' id='word_1_78' title='bbox 1028 2065 1099 2130; x_wconf 96' lang='grc'><strong>977.</strong></span> 
     </span>
    </p>
   </div>
   <div class='ocr_carea' id='block_1_5' title="bbox 465 2200 1350 2383">
    <p class='ocr_par' dir='ltr' id='par_1_5' title="bbox 465 2200 1350 2383">
     <span class='ocr_line' id='line_1_18' title="bbox 637 2200 933 2269; baseline -0.014 0"><span class='ocrx_word' id='word_1_79' title='bbox 637 2264 640 2269; x_wconf 91' lang='grc'><strong>.</strong></span> <span class='ocrx_word' id='word_1_80' title='bbox 731 2200 825 2267; x_wconf 89' lang='grc'><strong>2287.</strong></span> <span class='ocrx_word' id='word_1_81' title='bbox 929 2202 933 2207; x_wconf 80' lang='grc'><strong>’</strong></span> 
     </span>
     <span class='ocr_line' id='line_1_19' title="bbox 465 2270 1350 2383; baseline 0.001 -13"><span class='ocrx_word' id='word_1_82' title='bbox 465 2310 524 2370; x_wconf 88' lang='lat' dir='ltr'><strong>Res</strong></span> <span class='ocrx_word' id='word_1_83' title='bbox 548 2310 744 2370; x_wconf 88' lang='lat' dir='ltr'><strong>immoderata</strong></span> <span class='ocrx_word' id='word_1_84' title='bbox 766 2276 874 2383; x_wconf 78' lang='lat' dir='ltr'><strong>cupido</strong></span> <span class='ocrx_word' id='word_1_85' title='bbox 896 2317 952 2374; x_wconf 83' lang='lat' dir='ltr'><strong>est.</strong></span> <span class='ocrx_word' id='word_1_86' title='bbox 983 2310 1034 2370; x_wconf 86' lang='lat' dir='ltr'><strong>Ov.</strong></span> <span class='ocrx_word' id='word_1_87' title='bbox 1059 2270 1145 2371; x_wconf 78' lang='lat' dir='ltr'><strong>Perit</strong></span> <span class='ocrx_word' id='word_1_88' title='bbox 1169 2309 1199 2383; x_wconf 83' lang='lat'><strong>4,</strong></span> <span class='ocrx_word' id='word_1_89' title='bbox 1226 2309 1274 2383; x_wconf 79' lang='lat'><strong>15,</strong></span> <span class='ocrx_word' id='word_1_90' title='bbox 1299 2308 1350 2372; x_wconf 91' lang='grc'><strong>31.</strong></span> 
     </span>
    </p>
   </div>
   <div class='ocr_carea' id='block_1_6' title="bbox 192 2440 1349 3175">
    <p class='ocr_par' dir='ltr' id='par_1_6' title="bbox 192 2440 1349 3175">
     <span class='ocr_line' id='line_1_20' title="bbox 734 2440 829 2505; baseline 0.021 -2"><span class='ocrx_word' id='word_1_91' title='bbox 734 2440 829 2505; x_wconf 87' lang='grc'><strong>2288.</strong></span> 
     </span>
     <span class='ocr_line' id='line_1_21' title="bbox 464 2547 842 2635; baseline 0.011 -27"><span class='ocrx_word' id='word_1_92' title='bbox 464 2547 619 2622; x_wconf 86' lang='lat' dir='ltr'><strong>Respiciet</strong></span> <span class='ocrx_word' id='word_1_93' title='bbox 642 2550 754 2616; x_wconf 59' lang='lat' dir='ltr'>dena,</span> <span class='ocrx_word' id='word_1_94' title='bbox 838 2626 842 2635; x_wconf 29' lang='grc' dir='ltr'>Ι</span> 
     </span>
     <span class='ocr_line' id='line_1_22' title="bbox 192 2649 1082 2738; baseline -0.001 -24"><span class='ocrx_word' id='word_1_95' title='bbox 192 2657 297 2714; x_wconf 88' lang='lat' dir='ltr'>Bene</span> <span class='ocrx_word' id='word_1_96' title='bbox 321 2652 461 2726; x_wconf 80' lang='lat' dir='ltr'><strong>cogitata.</strong></span> <span class='ocrx_word' id='word_1_97' title='bbox 486 2681 535 2737; x_wconf 31' lang='lat'><strong>-—,</strong></span> <span class='ocrx_word' id='word_1_98' title='bbox 573 2653 641 2713; x_wconf 85' lang='lat' dir='ltr'><strong>Seu.</strong></span> <span class='ocrx_word' id='word_1_99' title='bbox 666 2649 909 2731; x_wconf 52' lang='lat' dir='ltr'><strong>Thyept‘tua„</strong></span> <span class='ocrx_word' id='word_1_100' title='bbox 999 2685 1027 2738; x_wconf 71' lang='lat'><strong>⁶.</strong></span> <span class='ocrx_word' id='word_1_101' title='bbox 1075 2722 1082 2729; x_wconf 44' lang='grc'><strong>,</strong></span> 
     </span>
     <span class='ocr_line' id='line_1_23' title="bbox 731 2767 826 2833; baseline 0.021 -3"><span class='ocrx_word' id='word_1_102' title='bbox 731 2767 826 2833; x_wconf 87' lang='grc'><strong>2289.</strong></span> 
     </span>
     <span class='ocr_line' id='line_1_24' title="bbox 193 2875 1145 2950; baseline -0.003 -13"><span class='ocrx_word' id='word_1_103' title='bbox 193 2880 349 2950; x_wconf 70' lang='lat' dir='ltr'><strong>Respua</strong></span> <span class='ocrx_word' id='word_1_104' title='bbox 375 2876 454 2950; x_wconf 85' lang='lat' dir='ltr'><strong>quod</strong></span> <span class='ocrx_word' id='word_1_105' title='bbox 476 2892 535 2935; x_wconf 89' lang='lat' dir='ltr'><strong>non</strong></span> <span class='ocrx_word' id='word_1_106' title='bbox 560 2883 606 2936; x_wconf 85' lang='lat' dir='ltr'><strong>es!</strong></span> <span class='ocrx_word' id='word_1_107' title='bbox 630 2908 672 2918; x_wconf 93' lang='lat'>-</span> <span class='ocrx_word' id='word_1_108' title='bbox 712 2879 798 2937; x_wconf 87' lang='lat' dir='ltr'><strong>Pers.</strong></span> <span class='ocrx_word' id='word_1_109' title='bbox 823 2878 885 2937; x_wconf 87' lang='lat' dir='ltr'><strong>Sat.</strong></span> <span class='ocrx_word' id='word_1_110' title='bbox 907 2875 941 2949; x_wconf 84' lang='lat'><strong>4,</strong></span> <span class='ocrx_word' id='word_1_111' title='bbox 966 2875 1016 2936; x_wconf 85' lang='grc'><strong>51.</strong></span> <span class='ocrx_word' id='word_1_112' title='bbox 1118 2935 1145 2946; x_wconf 69' lang='grc'><strong>,,</strong></span> 
     </span>
     <span class='ocr_line' id='line_1_25' title="bbox 733 2980 827 3069; baseline 0 -15"><span class='ocrx_word' id='word_1_113' title='bbox 733 2980 827 3069; x_wconf 82' lang='grc'><strong>2299.</strong></span> 
     </span>
     <span class='ocr_line' id='line_1_26' title="bbox 464 3097 1349 3175; baseline 0.008 -17"><span class='ocrx_word' id='word_1_114' title='bbox 464 3100 524 3159; x_wconf 88' lang='lat' dir='ltr'><strong>Res</strong></span> <span class='ocrx_word' id='word_1_115' title='bbox 546 3101 652 3161; x_wconf 90' lang='lat' dir='ltr'><strong>timida</strong></span> <span class='ocrx_word' id='word_1_116' title='bbox 674 3107 719 3160; x_wconf 86' lang='lat' dir='ltr'><strong>est</strong></span> <span class='ocrx_word' id='word_1_117' title='bbox 742 3100 837 3160; x_wconf 86' lang='lat' dir='ltr'><strong>omriis</strong></span> <span class='ocrx_word' id='word_1_118' title='bbox 861 3104 961 3163; x_wconf 89' lang='lat' dir='ltr'><strong>miser.</strong></span> <span class='ocrx_word' id='word_1_119' title='bbox 974 3130 1015 3142; x_wconf 83' lang='lat'>—</span> <span class='ocrx_word' id='word_1_120' title='bbox 1039 3103 1092 3163; x_wconf 89' lang='lat' dir='ltr'><strong>Ov.</strong></span> <span class='ocrx_word' id='word_1_121' title='bbox 1108 3103 1194 3161; x_wconf 86' lang='lat' dir='ltr'>Pnnt.</span> <span class='ocrx_word' id='word_1_122' title='bbox 1208 3097 1237 3175; x_wconf 87' lang='grc'><strong>2,</strong></span> <span class='ocrx_word' id='word_1_123' title='bbox 1253 3097 1280 3174; x_wconf 88' lang='grc'><strong>7,</strong></span> <span class='ocrx_word' id='word_1_124' title='bbox 1298 3098 1349 3165; x_wconf 85' lang='grc'><strong>37.</strong></span> 
     </span>
    </p>
   </div>
   <div class='ocr_carea' id='block_1_7' title="bbox 733 3234 828 3300">
    <p class='ocr_par' dir='ltr' id='par_1_7' title="bbox 733 3234 828 3300">
     <span class='ocr_line' id='line_1_27' title="bbox 733 3234 828 3300; baseline 0.053 -5"><span class='ocrx_word' id='word_1_125' title='bbox 733 3234 828 3300; x_wconf 87' lang='grc'><strong>2291.</strong></span> 
     </span>
    </p>
   </div>
   <div class='ocr_carea' id='block_1_8' title="bbox 210 3341 1350 3521">
    <p class='ocr_par' dir='ltr' id='par_1_8' title="bbox 210 3341 1350 3521">
     <span class='ocr_line' id='line_1_28' title="bbox 463 3341 1134 3417; baseline 0.001 -17"><span class='ocrx_word' id='word_1_126' title='bbox 463 3341 614 3401; x_wconf 86' lang='lat' dir='ltr'><strong>Revocate</strong></span> <span class='ocrx_word' id='word_1_127' title='bbox 636 3344 751 3402; x_wconf 87' lang='lat' dir='ltr'>animos</span> <span class='ocrx_word' id='word_1_128' title='bbox 775 3349 976 3416; x_wconf 88' lang='lat' dir='ltr'><strong>maestumque</strong></span> <span class='ocrx_word' id='word_1_129' title='bbox 999 3345 1134 3417; x_wconf 78' lang='lat' dir='ltr'><strong>timorem</strong></span> 
     </span>
     <span class='ocr_line' id='line_1_29' title="bbox 210 3432 1350 3521; baseline 0.005 -24"><span class='ocrx_word' id='word_1_130' title='bbox 210 3440 341 3505; x_wconf 87' lang='lat' dir='ltr'><strong>Mittite:</strong></span> <span class='ocrx_word' id='word_1_131' title='bbox 367 3445 466 3504; x_wconf 88' lang='lat' dir='ltr'><strong>forsan</strong></span> <span class='ocrx_word' id='word_1_132' title='bbox 490 3451 520 3503; x_wconf 88' lang='lat' dir='ltr'><strong>et</strong></span> <span class='ocrx_word' id='word_1_133' title='bbox 542 3445 616 3506; x_wconf 84' lang='lat' dir='ltr'>haee</span> <span class='ocrx_word' id='word_1_134' title='bbox 629 3447 699 3505; x_wconf 89' lang='lat' dir='ltr'>olim</span> <span class='ocrx_word' id='word_1_135' title='bbox 714 3438 884 3506; x_wconf 82' lang='lat' dir='ltr'>meminisse</span> <span class='ocrx_word' id='word_1_136' title='bbox 896 3432 1021 3520; x_wconf 84' lang='lat' dir='ltr'><strong>juvabit.</strong></span> <span class='ocrx_word' id='word_1_137' title='bbox 1039 3432 1132 3521; x_wconf 67' lang='lat' dir='ltr'><strong>JVir&#39;g.</strong></span> <span class='ocrx_word' id='word_1_138' title='bbox 1147 3445 1220 3504; x_wconf 84' lang='lat' dir='ltr'>Aen.</span> <span class='ocrx_word' id='word_1_139' title='bbox 1236 3443 1262 3516; x_wconf 95' lang='grc'><strong>1,</strong></span> <span class='ocrx_word' id='word_1_140' title='bbox 1277 3439 1350 3503; x_wconf 86' lang='grc'><strong>292.</strong></span> 
     </span>
    </p>
   </div>
   <div class='ocr_carea' id='block_1_9' title="bbox 162 3578 826 4486">
    <p class='ocr_par' dir='ltr' id='par_1_9' title="bbox 162 3578 826 4486">
     <span class='ocr_line' id='line_1_30' title="bbox 731 3578 826 3667; baseline 0.021 -27"><span class='ocrx_word' id='word_1_141' title='bbox 731 3578 826 3667; x_wconf 82' lang='grc'><strong>2292.</strong></span> 
     </span>
     <span class='ocr_line' id='line_1_31' title="bbox 207 3666 797 3760; baseline 0.007 -19"><span class='ocrx_word' id='word_1_142' title='bbox 207 3669 280 3741; x_wconf 77' lang='lat' dir='ltr'><strong>Rex</strong></span> <span class='ocrx_word' id='word_1_143' title='bbox 303 3692 361 3758; x_wconf 86' lang='lat' dir='ltr'><strong>est,</strong></span> <span class='ocrx_word' id='word_1_144' title='bbox 387 3687 438 3760; x_wconf 87' lang='lat' dir='ltr'><strong>qui</strong></span> <span class='ocrx_word' id='word_1_145' title='bbox 461 3687 567 3746; x_wconf 87' lang='lat' dir='ltr'><strong>metuit</strong></span> <span class='ocrx_word' id='word_1_146' title='bbox 590 3687 676 3757; x_wconf 90' lang='lat' dir='ltr'>nihil,</span> <span class='ocrx_word' id='word_1_147' title='bbox 794 3666 797 3673; x_wconf 39' lang='lat'><strong>¹</strong></span> 
     </span>
     <span class='ocr_line' id='line_1_32' title="bbox 195 3768 679 3866; baseline 0.008 -22"><span class='ocrx_word' id='word_1_148' title='bbox 195 3768 278 3844; x_wconf 72' lang='lat' dir='ltr'><strong>Rex</strong></span> <span class='ocrx_word' id='word_1_149' title='bbox 302 3796 364 3862; x_wconf 85' lang='lat' dir='ltr'><strong>est,</strong></span> <span class='ocrx_word' id='word_1_150' title='bbox 389 3789 440 3866; x_wconf 91' lang='lat' dir='ltr'><strong>qui</strong></span> <span class='ocrx_word' id='word_1_151' title='bbox 465 3791 565 3864; x_wconf 82' lang='lat' dir='ltr'><strong>cupiet</strong></span> <span class='ocrx_word' id='word_1_152' title='bbox 587 3791 679 3849; x_wconf 90' lang='lat' dir='ltr'>nihil:</span> 
     </span>
     <span class='ocr_line' id='line_1_33' title="bbox 183 3869 738 3968; baseline 0.005 -20"><span class='ocrx_word' id='word_1_153' title='bbox 183 3869 284 3949; x_wconf 69' lang='lat' dir='ltr'><strong>Hoc</strong></span> <span class='ocrx_word' id='word_1_154' title='bbox 303 3911 426 3967; x_wconf 85' lang='lat' dir='ltr'><strong>regnum</strong></span> <span class='ocrx_word' id='word_1_155' title='bbox 450 3895 505 3953; x_wconf 87' lang='lat' dir='ltr'><strong>sibi</strong></span> <span class='ocrx_word' id='word_1_156' title='bbox 530 3895 654 3968; x_wconf 88' lang='lat' dir='ltr'><strong>quisque</strong></span> <span class='ocrx_word' id='word_1_157' title='bbox 678 3895 738 3953; x_wconf 87' lang='lat' dir='ltr'><strong>dat.</strong></span> 
     </span>
     <span class='ocr_line' id='line_1_34' title="bbox 173 3969 738 4073; baseline 0.004 -20"><span class='ocrx_word' id='word_1_158' title='bbox 173 3969 296 4066; x_wconf 54' lang='lat' dir='ltr'><strong>Stet,</strong></span> <span class='ocrx_word' id='word_1_159' title='bbox 319 3998 487 4073; x_wconf 85' lang='lat' dir='ltr'><strong>quicunque</strong></span> <span class='ocrx_word' id='word_1_160' title='bbox 510 3999 607 4068; x_wconf 85' lang='lat' dir='ltr'><strong>volet,</strong></span> <span class='ocrx_word' id='word_1_161' title='bbox 632 4005 738 4072; x_wconf 86' lang='lat' dir='ltr'><strong>potens</strong></span> 
     </span>
     <span class='ocr_line' id='line_1_35' title="bbox 164 4076 615 4162; baseline 0.002 -3"><span class='ocrx_word' id='word_1_162' title='bbox 164 4076 311 4161; x_wconf 70' lang='lat' dir='ltr'><strong>Aurae</strong></span> <span class='ocrx_word' id='word_1_163' title='bbox 333 4103 461 4162; x_wconf 81' lang='lat' dir='ltr'>animine</span> <span class='ocrx_word' id='word_1_164' title='bbox 484 4102 615 4161; x_wconf 80' lang='lat' dir='ltr'><strong>lubrico:</strong></span> 
     </span>
     <span class='ocr_line' id='line_1_36' title="bbox 162 4169 627 4279; baseline 0.006 -18"><span class='ocrx_word' id='word_1_165' title='bbox 162 4169 248 4248; x_wconf 64' lang='grc' dir='ltr'><strong>ΜΒ</strong></span> <span class='ocrx_word' id='word_1_166' title='bbox 291 4205 383 4266; x_wconf 85' lang='lat' dir='ltr'><strong>dulcis</strong></span> <span class='ocrx_word' id='word_1_167' title='bbox 405 4212 519 4265; x_wconf 82' lang='lat' dir='ltr'><strong>saturet</strong></span> <span class='ocrx_word' id='word_1_168' title='bbox 533 4205 627 4279; x_wconf 86' lang='lat' dir='ltr'><strong>quies.</strong></span> 
     </span>
     <span class='ocr_line' id='line_1_37' title="bbox 167 4280 575 4384; baseline 0.02 -24"><span class='ocrx_word' id='word_1_169' title='bbox 167 4280 349 4368; x_wconf 61' lang='lat' dir='ltr'><strong>Obsuuro</strong></span> <span class='ocrx_word' id='word_1_170' title='bbox 372 4311 486 4384; x_wconf 87' lang='lat' dir='ltr'><strong>positus</strong></span> <span class='ocrx_word' id='word_1_171' title='bbox 510 4310 575 4368; x_wconf 84' lang='lat' dir='ltr'>loeo</span> 
     </span>
     <span class='ocr_line' id='line_1_38' title="bbox 171 4379 618 4486; baseline 0.007 -19"><span class='ocrx_word' id='word_1_172' title='bbox 171 4379 293 4468; x_wconf 64' lang='lat' dir='ltr'><strong>Leni</strong></span> <span class='ocrx_word' id='word_1_173' title='bbox 314 4410 452 4486; x_wconf 82' lang='lat' dir='ltr'><strong>perfruar</strong></span> <span class='ocrx_word' id='word_1_174' title='bbox 473 4413 580 4471; x_wconf 70' lang='lat' dir='ltr'><strong>atim·</strong></span> <span class='ocrx_word' id='word_1_175' title='bbox 615 4454 618 4459; x_wconf 83' lang='lat'><em>-</em></span> 
     </span>
    </p>
   </div>
   <div class='ocr_carea' id='block_1_10' title="bbox 0 0 1494 5048">
    <p class='ocr_par' dir='ltr' id='par_1_10' title="bbox 0 0 1494 5048">
     <span class='ocr_line' id='line_1_39' title="bbox 0 0 1494 5048; baseline 0 4"><span class='ocrx_word' id='word_1_176' title='bbox 0 0 1494 5048; x_wconf 95' lang='lat' dir='ltr'><strong> </strong></span> 
     </span>
    </p>
   </div>
  </div>
 </body>
</html>
