2978 5048
801 337 827 390 X

671 401 678 421 Ι
708 410 914 426 κΛΛΛ-’νυνα-κκ

245 555 388 620 omnibus
424 574 475 619 me
503 554 626 619 'nouum
664 554 784 635 aliquid
818 554 875 618 hoo
913 553 1060 635 opusculo
1095 552 1290 635 proposuisse
1325 555 1384 616 aut

246 737 353 785 omnes
375 737 521 783 numeros
543 717 658 783 habere
680 723 797 800 putem,
819 723 926 783 tamen
948 735 1010 781 non
1032 715 1151 796 dubito,
1174 715 1250 795 quin
1272 715 1382 781 multis

246 883 374 964 linguae
401 883 536 947 Latinae
564 901 600 946 ao
626 882 728 964 poesis
756 880 931 947 fautoribus
962 899 1062 961 neque
1088 879 1250 960 ingratum
1279 897 1382 959 neque

246 1046 358 1112 inutile
380 1064 457 1128 opus
479 1045 647 1110 obtulerim
668 1050 700 1111 et
728 1045 920 1128 inexpletum
948 1044 1107 1125 hucusque
1133 1043 1166 1107 in
1188 1042 1245 1108 hoo
1266 1059 1382 1123 genere

247 1209 437 1276 desiderium
457 1209 610 1274 lenierim.

336 1372 370 1436 Si
399 1371 475 1452 quid
504 1376 611 1436 autem
626 1371 741 1440 ,minus
770 1389 789 1434 a
818 1389 868 1434 me
899 1370 1057 1452 provisum
1087 1369 1136 1434 vel
1167 1369 1194 1434 si
1224 1369 1382 1435 sententia

249 1536 356 1617 aliqua
378 1534 430 1600 hio
452 1535 517 1599 illio
545 1534 658 1599 omissa
686 1552 753 1599 esse
780 1535 939 1613 videatur,
969 1534 1093 1599 veniam
1119 1552 1169 1597 me
1196 1534 1382 1615 impetratu-

247 1717 317 1762 rum
339 1716 407 1763 esse
429 1697 558 1762 confido.
603 1696 703 1762 Nemo
730 1698 813 1762 enim
841 1698 932 1761 homo
961 1701 1054 1762 natus
1082 1701 1149 1761 tam
1172 1701 1312 1761 attentus
1335 1695 1382 1760 di-

247 1862 409 1943 ligensque
439 1879 577 1943 unquam
607 1861 682 1941 fuit,
708 1861 763 1943 qui
785 1860 818 1924 'm
846 1859 941 1925 ubere
962 1879 1061 1926 messe
1082 1860 1204 1924 nullum
1226 1860 1382 1942 relinque·

245 2029 295 2089 ret
319 2023 523 2106 spicilegium.

333 2185 423 2263 Quod
450 2185 606 2267 reliquum
635 2191 697 2268 est,
734 2205 823 2268 spero
852 2205 919 2251 esse
949 2186 1104 2266 futurum,
1141 2186 1207 2266 ut(
1221 2185 1248 2250 si
1277 2186 1381 2251 minus

246 2350 399 2429 omnibus,
423 2353 457 2414 at
479 2354 562 2415 certe
584 2350 692 2414 multis
715 2348 924 2430 satisfaciam,
948 2349 1025 2415 alios
1048 2369 1130 2429 vero,
1152 2349 1305 2431 imprimis
1327 2350 1382 2431 qui

245 2512 327 2577 forte
347 2512 467 2594 aliquid
497 2512 731 2594 praejudicatae
759 2513 912 2595 opinionis
940 2511 1087 2594 afferant,
1118 2532 1232 2596 aequos
1259 2512 1381 2594 jndices

244 2673 387 2739 habeam.
433 2675 484 2739 Ita
505 2676 584 2755 vale,
608 2677 739 2743 candide
761 2677 867 2758 lector,
890 2675 1028 2758 mihique
1050 2675 1129 2741 fave.
