2978 5048
715 293 779 358 200

642 377 848 397 mmvvw

694 483 790 550 2537.

179 596 344 655 Stemmata
367 592 438 669 quid
460 593 595 652 iaciunt?
618 591 689 666 quid
710 591 847 665 prodest,
870 591 1012 662 Pontice,
1035 592 1123 663 longo

181 698 330 771 Sanguine
353 697 470 757 censeri
491 697 651 771 pictosque
673 694 832 755 ostendere
855 695 952 752 vultus

179 798 327 874 Majorum
352 806 382 859 et
404 806 517 860 stantes
538 799 570 858 iu
594 796 730 857 curribus
754 797 946 868 Aemilianos,

694 1117 788 1181 2538.

429 1228 518 1288 Stetit
540 1244 609 1287 acer
629 1226 661 1285 iu
686 1225 775 1286 armis

177 1330 305 1392 Aeneas.
332 1360 367 1369 -
414 1332 495 1405 virg.
519 1329 593 1390 Aen.
621 1324 674 1398 12,
698 1322 771 1386 938.

695 1443 790 1507 2539.

425 1554 564 1613 Stimulos
590 1552 673 1612 dedit
685 1552 801 1611 aemula
813 1552 916 1610 virtus.
945 1551 1057 1610 Lucan.
1075 1551 1182 1612 Phara.
1197 1549 1223 1624 1,
1240 1548 1346 1610 129-

691 1666 786 1731 2540.

180 1775 352 1849 strangulat
373 1777 505 1835 inclusus
529 1775 615 1835 dolor
637 1780 727 1850 atque
750 1777 903 1834 exaestuat
924 1774 1013 1844 lutus,

262 1877 385 1951 Cogitur
407 1884 437 1938 et
458 1880 538 1938 vires
561 1879 759 1952 multiplicare
782 1893 860 1935 suus.
907 1875 959 1936 Ov.
982 1876 1072 1938 Trist.
1097 1873 1131 1949 5,
1160 1876 1194 1949 1,
1218 1876 1266 1937 63.

611 2064 613 2069 ,
690 1992 785 2055 2541.

176 2101 297 2161 Streuui
320 2100 411 2159 nimio
436 2101 503 2173 plus
525 2105 651 2173 prosunt
673 2101 784 2174 populo
808 2117 895 2176 quam
919 2103 1017 2174 arguti
1039 2107 1070 2161 et
1092 2103 1167 2162 eati:

175 2205 278 2263 Facile
311 2204 367 2263 sibi
396 2203 608 2263 facunditatem
641 2204 734 2262 virtus
764 2210 899 2277 argutam
928 2205 1051 2264 invenit.
1101 2207 1198 2265 Plaut.
1222 2208 1301 2265 Truo.

1138 2305 1175 2379 2,
1199 2304 1234 2381 6,
1261 2304 1302 2367 12.

694 2420 789 2484 2542.

427 2528 534 2588 Studio
555 2544 653 2587 mores
677 2530 892 2590 convenienter
914 2535 993 2589 eunt.
1025 2540 1077 2599 ov.
1095 2529 1130 2592 A.
1143 2534 1178 2594 A.
1193 2526 1221 2605 3,
1237 2529 1299 2591 546.

693 2643 786 2708 2543.

175 2753 283 2824 Stulte,
308 2751 379 2826 quid
402 2756 449 2810 est
471 2768 606 2824 somnus,
629 2752 744 2825 gelidae
767 2753 826 2811 nisi
849 2754 953 2813 mortis
975 2754 1092 2827 imago?

260 2856 364 2928 Lougu
386 2854 719 2929 quiescenditempora
740 2855 802 2914 iata
825 2856 946 2916 dabunt.
991 2857 1043 2917 Ov.
1068 2859 1131 2916 Am.
1156 2854 1185 2930 2,
1210 2855 1239 2931 9,
1257 2855 1300 2915 41.

689 2969 783 3036 2544.

176 3079 310 3139 Stultitia
331 3084 378 3137 est
399 3083 494 3137 morte
518 3081 641 3138 alterius
665 3095 786 3152 sperare
810 3080 944 3140 salutem.
1001 3081 1065 3141 Sat.
1089 3083 1166 3142 Dist.
1191 3078 1227 3153 4,
1260 3079 1299 3139 14.

692 3194 786 3256 2545.

175 3301 336 3360 Stultitiam
359 3301 499 3359 simulare
521 3301 586 3358 loeo
608 3282 769 3374 prudemtia
792 3318 905 3361 summa
928 3309 983 3362 est·
1014 3303 1077 3363 (lat.
1102 3303 1179 3367 Dist.
1204 3303 1233 3376 2,
1260 3301 1299 3366 18.

693 3416 788 3481 2546.

175 3523 337 3583 Stultorum
360 3522 497 3581 incurata
518 3522 616 3596 pudor
638 3525 732 3583 melus
749 3526 851 3585 uleera
869 3527 955 3585 celat.
985 3526 1058 3585 Hor.
1077 3527 1134 3601 Ep.
1152 3524 1178 3599 i,
1195 3524 1241 3599 16,
1255 3525 1299 3584 24.

691 3638 785 3702 2547.

175 3744 302 3805 Stultum
325 3745 479 3803 eonsilium
498 3762 561 3805 -uou
585 3746 672 3805 modo
696 3746 802 3806 effectu
825 3755 917 3819 caret,

175 3848 235 3907 Sed
258 3848 295 3907 ad
315 3847 477 3922 perniciem
495 3866 613 3924 quoque
630 3851 771 3910 mortales
786 3851 917 3913 devocat.
941 3853 1069 3913 Phaedr.
1081 3855 1154 3915 Feb.
1171 3853 1198 3927 1,
1212 3852 1262 3926 20,
1276 3852 1297 3911 1.

690 3964 784 4032 2548.

176 4071 301 4130 Stultum
324 4076 370 4130 eut
391 4072 512 4145 timere,
537 4073 616 4149 quod
638 4073 733 4133 vitare
756 4092 815 4134 uon
837 4082 933 4150 potes.
978 4078 1012 4135 P.
1035 4078 1102 4152 Syr.

689 4189 783 4252 2549.

178 4295 306 4355 Stultum
327 4293 400 4356 iacit
421 4296 573 4370 Fortuna,
603 4314 690 4370 quem
712 4299 775 4359 vult
796 4299 932 4372 perdere.
977 4299 1011 4360 P.
1035 4302 1101 4375 Syr.
