2978 5048
639 407 844 423 ΝΛΛΛΛΛΛΛ

175 527 239 585 Nec
260 525 334 584 levis
357 525 432 582 hora
454 529 569 599 potest,
594 523 647 582 sed
670 528 702 581 ut
725 521 805 582 unda
827 522 988 596 impellitur
1010 523 1091 583 unda

175 629 362 703 Urgeturque
385 630 468 702 prior
489 627 626 686 veniente
648 631 792 700 urgetque
817 626 963 699 priorem:

175 734 322 807 Tempora
344 733 388 790 aio
410 730 525 804 fugiunt
547 731 661 804 pariter
682 729 855 803 pariterque
878 735 1053 804 sequuntur,

174 837 215 896 Et
236 853 314 896 nova
336 841 405 895 sunt
426 850 553 908 semper.
578 862 620 874 —
664 834 716 892 0v.
740 832 813 893 Met.
843 828 901 903 15,
927 827 995 893 180.

692 931 784 995 1520.

425 1042 509 1102 Nihil
533 1059 568 1100 ex
591 1045 684 1099 semet
706 1046 814 1098 natura
837 1040 950 1098 creavit

148 1212 150 1218 ,
177 1147 304 1206 Pectore
320 1145 469 1205 amicitiae
483 1149 576 1219 mains
589 1161 644 1203 nec
656 1143 753 1202 rarius
770 1158 909 1218 unquam.
937 1143 1044 1202 Manil.
1056 1142 1176 1203 Astron.
1190 1139 1222 1214 2,
1243 1137 1320 1205 581.

695 1240 786 1304 1521.
845 1310 851 1324 θ

177 1353 271 1432 Nihili
294 1358 340 1412 est
363 1356 475 1422 autem,
504 1369 587 1410 suum
612 1351 662 1425 qui
694 1349 823 1409 officium
852 1347 951 1407 facere
979 1355 1023 1408 est
1055 1349 1227 1421 immemor,
1259 1352 1322 1411 nisi

618 1458 664 1512 est
686 1454 865 1512 admonitor.
911 1454 1011 1512 Plauti
1032 1453 1140 1513 Pseud.
1164 1450 1201 1525 4,
1217 1449 1264 1529 ,7,
1290 1451 1320 1514 2.

696 1550 788 1615 1522·

402 1623 509 1719 'uino
539 1661 590 1720 uu
620 1660 712 1730 reos,
741 1659 783 1719 nu
813 1637 943 1718 cai-mina
981 1665 1075 1721 curm.
1127 1660 1211 1733 virg.
1243 1661 1322 1721 uuo.

885 1826 888 1833 ,
1178 1759 1217 1835 a,
1245 1761 1323 1824 103.

697 1877 788 1945 1523.

426 1985 509 2044 Nihil
532 1985 589 2044 nisi
612 1986 700 2044 triste
722 1986 845 2045 videbis.
890 1987 942 2046 Or.
965 1988 1055 2047 Trist.
1080 1982 1116 2058 3,
1143 1982 1175 2056 1,
1201 1984 1231 2048 9.

697 2084 788 2147 1524.
819 2109 825 2122 ·
1259 2080 1267 2096 ’

426 2192 510 2251 Nihil
532 2182 623 2264 sup'ra
913 2228 919 2239 ·

178 2293 260 2355 Deos
283 2298 408 2356 lacesso·
435 2329 471 2363 ,-
517 2296 590 2354 Hor.
615 2294 670 2356 Od.
695 2291 732 2366 2,
759 2291 813 2366 18,
841 2291 888 2354 11.

695 2393 786 2454 1525.

181 2502 231 2560 Nil
253 2502 329 2560 adeo
351 2501 472 2560 fortuna
493 2504 590 2574 gravis
613 2502 783 2561 miserabile
804 2502 887 2571 fecit,

265 2603 306 2663 Ut
328 2605 462 2665 minuam
484 2607 566 2665 nulla
588 2606 697 2678 gaudia
719 2610 806 2679 parte
830 2606 948 2664 malum.
972 2606 1025 2664 Ov.
1043 2607 1129 2665 Pont.
1153 2602 1183 2677 3,
1209 2604 1241 2680 9,
1271 2604 1319 2666 15.

700 2704 791 2768 1526.

183 2812 234 2871 Nil
257 2811 332 2871 adeo
354 2830 490 2885 magnum
512 2829 609 2887 neque
632 2803 690 2872 tam
714 2811 883 2871 miserabile
907 2810 1075 2885 quidquam,

182 2915 268 2988 Quod
283 2933 342 2974 non
357 2917 501 2988 paulatim
515 2915 633 2975 mittant
650 2912 788 2975 mirarier
801 2931 911 2973 omnes.
942 2915 1062 2974 Lucret.
1077 2916 1111 2974 R.
1124 2917 1160 2976 N.
1175 2913 1205 2988 2,
1223 2913 1320 2979 1028.

702 3031 794 3096 1527.

181 3133 234 3197 Nil
257 3139 399 3198 admirari
421 3155 514 3212 prope
536 3155 585 3196 res
609 3143 655 3197 est
676 3156 750 3208 uua,
773 3137 900 3206 Numici,

184 3242 320 3315 Solaque,
346 3258 421 3316 quae
444 3242 540 3315 possit
560 3240 658 3301 lacere
681 3247 710 3300 et
733 3257 852 3298 servare
874 3240 1002 3298 beatum.
1026 3239 1099 3298 Hor.
1122 3241 1178 3314 Ep.
1198 3238 1225 3311 1,
1244 3240 1275 3316 6,
1294 3241 1319 3303 1.

701 3355 792 3419 1528.

430 3463 480 3522 Nil
503 3465 608 3522 animis
631 3465 662 3523 in
686 3481 814 3537 corpora
832 3447 909 3536 jnris

183 3564 297 3628 Natura
318 3565 458 3649 indulget.
480 3596 524 3607 --
568 3568 635 3629 Juv.
660 3569 721 3628 Sat.
745 3563 783 3638 2,
810 3562 879 3624 139.
922 3572 929 3585 ·

703 3682 795 3748 1529.

183 3792 234 3851 Nil
257 3791 337 3848 dictu
359 3788 475 3848 foedum
499 3791 621 3865 visuque
645 3791 718 3850 haec
739 3793 842 3850 limin'a
864 3793 973 3861 tangat,

184 3895 269 3952 Intra
292 3909 366 3967 quae
389 3908 463 3965 puer
487 3899 541 3953 est.
568 3926 604 3934 -
646 3895 718 3955 lov.
743 3895 804 3954 Sat.
831 3889 885 3963 14,
910 3888 961 3948 44.

700 4008 793 4073 1530.

184 4117 235 4176 Nil
259 4133 313 4190 ego
337 4118 512 4176 contulerim
531 4096 663 4189 Jucundo
687 4135 775 4176 sanus
800 4119 904 4178 amico.
950 4118 1025 4178 Hor.
1049 4118 1109 4177 Sat.
1136 4111 1164 4187 1,
1189 4113 1219 4188 5,
1246 4115 1299 4178 44.

704 4233 796 4295 1531.

184 4343 235 4402 uir
257 4342 347 4416 eripit
368 4341 487 4402 fortuna
495 4356 506 4413 ,·
525 4342 584 4401 nisi
605 4312 689 4417 'quoa
712 4347 742 4400 et
764 4341 856 4401 dedit.
901 4341 934 4398 r.
958 4341 1022 4412 syr.
