2948 5040
632 323 837 423 ...1.1...

686 515 777 581 1166.

172 623 273 682 Ludus
297 624 375 683 enim
398 624 502 697 gennit
524 625 670 697 trepidum
694 631 840 684 certamen
864 630 894 682 et
909 625 992 693 iram,

174 726 225 785 Ira
248 734 346 787 truces
368 728 541 786 inimicitias
565 732 595 785 et
616 727 738 786 funebre
759 729 878 786 bellurn.
923 729 995 785 Hor.
1020 727 1075 799 Ep.
1102 722 1135 795 1,
1168 722 1222 797 19,
1253 719 1308 783 48.

693 844 784 904 1167.

173 952 276 1024 Lupus
300 957 346 1010 est
368 953 456 1012 homo
479 951 606 1022 homini,
629 968 688 1011 non
713 952 815 1021 homo,
840 969 912 1021 enm,
938 952 1034 1025 qualis
1057 952 1104 1020 sit,
1128 968 1186 1008 non
1212 951 1308 1010 novit.

912 1056 1008 1114 Plaut.
1032 1043 1116 1114 Asin.
1142 1048 1171 1124 2,
1197 1050 1226 1111 4.
1252 1047 1306 1116 88.

694 1152 784 1218 1168.

420 1263 485 1320 Lux
507 1262 652 1320 altissima
673 1261 726 1320 lati

173 1364 324 1424 Occultum
348 1366 423 1425 nihil
446 1382 511 1423 esse
534 1366 605 1423 sinit
627 1364 814 1439 latebrasque
837 1381 891 1437 per
914 1381 1013 1423 ornnes

171 1469 277 1530 Intrat.
304 1499 340 1510 -
388 1468 490 1530 Claud.
514 1469 564 1528 lv.
589 1468 676 1527 Gens.
699 1469 777 1526 Hon.
801 1462 873 1524 273.

691 1583 782 1646 11611.

419 1693 484 1750 Lux
507 1693 640 1752 immensi
663 1693 784 1767 publica
806 1690 916 1750 mundi.
961 1690 1013 1750 Or.
1037 1691 1108 1750 Met.
1131 1688 1163 1762 2,
1185 1688 1239 1752 35.
1324 1666 1338 1781 ¹⁶

692 1807 782 1872 1170.

171 1915 322 1973 Luxuriae
346 1915 453 1974 desunt
475 1919 582 1986 multa,
608 1918 750 1975 avaritiae
773 1917 879 1974 omnia.
925 1916 958 1973 P.
984 1916 1046 1988 syr.

694 2033 784 2094 1171.

170 2140 335 2199 Luxuriant
358 2139 447 2197 animi
469 2139 555 2198 rebus
578 2143 751 2215 plerumque
775 2141 919 2210 secundis,

256 2239 1305 2337 11111111111151111111111111111111111161Α.Α.2,437.
1339 2162 1345 2289 1

691 2359 782 2421 1172

173 2466 319 2525 Luxuries
341 2464 502 2539 praedulce
525 2466 642 2525 malum.
666 2495 709 2507 -
753 2465 855 2526 Claud.
879 2465 972 2525 Laud.
997 2467 1063 2529 Stil.
1087 2462 1120 2538 2,
1148 2463 1218 2530 132

1342 2298 1345 2377 1

1339 2404 1345 2549 1

632 2688 837 2695 ——-—-

694 2844 785 2939 1173.

420 2982 517 3055 Magis
541 2984 594 3042 illa
612 2985 730 3056 juvant,
756 2998 831 3055 quae
853 2983 945 3055 pluris
969 2987 1113 3040 emuntur.
1148 2982 1215 3041 dur.
1243 2983 1307 3045 Sat.

1173 3081 1228 3156 11,
1256 3082 1307 3146 16.

691 3185 782 3248 1174.

421 3293 573 3365 Magist
541 3295 614 3352 utile
637 3295 746 3352 nilt
701 3298 746 3352 est

258 3396 380 3455 Artibus
404 3397 467 3466 his,
493 3414 567 3470 quae
590 3398 631 3455 nil
653 3397 790 3456 utilitatis
814 3395 932 3454 habent.
977 3395 1029 3454 Ov.
1054 3395 1139 3454 Pont.
1168 3393 1192 3464 t,
1211 3392 1307 3467 5,.53
1339 3364 1345 3457 1

693 3512 783 3573 1175.

173 3622 301 3696 Magnae
324 3622 437 3694 periclo
460 3627 529 3678 sunt
551 3637 623 3693 opes
645 3620 800 3680 obnoxiae.
846 3617 972 3678 Phaedr.
996 3617 1068 3675 Feb.
1091 3613 1120 3686 2,
1145 3614 1173 3686 7,
1200 3613 1252 3678 14.

690 3719 779 3780 1176.

171 3829 283 3902 Magna
304 3827 361 3886 fuit
384 3790 531 3900 quondam
556 3827 661 3899 eapitis
684 3827 851 3884 reverentia
873 3826 949 3895 cani,

258 3931 353 4005 Inque
376 3946 430 3988 suo
453 3930 551 4004 pretio
574 3946 647 4002 ruga
669 3930 771 3988 senilis
794 3937 867 3988 erat.
914 3928 966 3987 Ov.
989 3928 1071 3987 Fast.
1096 3925 1130 3996 5,
1154 3922 1205 3988 57.

689 4027 780 4093 1177.

172 4139 283 4212 Magna
304 4138 384 4197 inter
406 4137 508 4195 molles
532 4136 700 4196 concordia.
723 4164 765 4176 —-
808 4136 875 4195 Juv.
900 4135 960 4193 Sat.
986 4128 1021 4204 4,
1046 4128 1095 4192 47.

591 4277 596 4290 .
691 4232 781 4297 1178.

172 4345 362 4422 Magnanimo
385 4343 513 4420 injuriae
536 4343 696 4403 remedium
721 4344 829 4403 oblivio
852 4350 907 4401 est.
951 4341 985 4399 P.
1009 4339 1072 4415 Syr.
1171 4359 1173 4362 ·
1298 4338 1300 4341 ’
