2978 5048
555 345 758 450 ...RQ

611 539 702 602 1406.

82 643 165 703 Nam
191 662 249 704 non
273 646 450 705 conveniens
474 647 607 705 omnibus
630 649 724 706 omnis
748 648 814 708 erit.
860 649 912 709 Ov.
936 650 971 707 A.
994 649 1030 708 A.
1055 643 1093 718 3,
1121 644 1191 710 188.

606 746 698 810 1407.

10 856 13 869 “
76 853 162 910 Nam
189 867 244 909 nos
266 868 381 922 omnes,
406 852 511 925 quibus
535 859 580 910 est
602 854 738 912 alicunde
761 856 869 928 aliquis
892 856 1023 929 objectus
1046 854 1140 927 labor,

74 955 201 1023 Omne,
236 955 317 1028 qnod
346 961 392 1013 est
418 956 545 1025 interea,
582 962 714 1029 tempuS,
750 959 921 1032 priusquam
948 959 980 1015 id
1001 960 1140 1018 rescitum
1163 968 1218 1032 est,

748 1062 832 1118 lucro
856 1067 910 1121 est.
956 1063 1023 1120 Ter.
1047 1062 1119 1121 Heu.
1144 1058 1217 1121 286.

610 1152 703 1219 1408.

64 1265 157 1323 Nam
185 1268 291 1337 petere
313 1263 483 1336 imperium,
509 1264 587 1337 quod
610 1265 698 1323 inane
720 1271 840 1325 estnec
864 1267 950 1326 datur
972 1285 1110 1342 unquam,

59 1370 186 1442 Atque
211 1368 242 1424 in'
265 1383 300 1424 eo
324 1383 439 1440 semper
461 1366 566 1424 durum
589 1367 710 1426 sufferre
733 1367 874 1439 laborem,

59 1465 147 1530 Hoc
177 1476 229 1528 est
251 1469 374 1528 aduerso
397 1471 549 1528 nixantem
571 1470 691 1529 trudere
713 1477 812 1530 monte

61 1575 216 1644 Saxum,
242 1572 319 1646 qnod
341 1577 439 1630 tamen
464 1589 479 1630 e
501 1589 612 1630 summo
631 1575 692 1645 jam
714 1577 825 1632 uertice
849 1593 964 1633 rursum
982 1569 984 1574 ’

60 1678 227 1740 Volvitur
255 1681 285 1734 et
316 1675 398 1748 plani
425 1675 533 1748 raptim
565 1677 640 1749 petit
669 1693 799 1750 aequora
821 1679 927 1751 campi.
972 1677 1091 1737 Lueret.
1115 1679 1150 1738 R.
1174 1679 1212 1738 N.

1085 1777 1121 1852 3,
1143 1775 1216 1840 908.

606 1876 697 1942 1409.

49 1989 89 2049 N
91 2005 152 2047 am
186 2001 266 2059 quae
288 1984 424 2043 indotata
446 1991 507 2055 est,
531 2002 566 2044 ea
587 1985 617 2043 in
640 1991 789 2058 potestate
812 1992 858 2044 est
879 1987 950 2045 viri:

47 2094 219 2152 Dotatae
242 2094 372 2147 mactant
395 2094 425 2146 et
446 2090 522 2147 malo
546 2094 576 2146 et
597 2089 704 2148 damno
726 2089 815 2148 viros.
853 2090 951 2149 Plaut.
969 2089 1033 2147 Aul.
1057 2085 1086 2160 3,
1109 2088 1140 2161 5,
1164 2085 1216 2149 60.

606 2187 697 2249 1410.

48 2301 152 2360 Nam
186 2311 363 2369 quamquam
387 2311 476 2367 sapor
498 2300 544 2352 est
566 2296 656 2354 allata
679 2295 772 2355 dulcis
795 2297 826 2355 in
849 2296 937 2369 unda,

166 2398 297 2458 Gratius
319 2414 355 2456 ex
376 2400 441 2472 ipso
464 2397 545 2457 fonte
568 2398 706 2458 bibuntur
728 2415 831 2473 aquae.
868 2398 921 2458 Ov.
944 2399 1030 2459 Pont.
1055 2394 1083 2468 3,
1108 2394 1136 2470 5,
1164 2396 1212 2459 17.

607 2499 698 2563 1411.

337 2605 472 2679 Namque
494 2606 552 2664 hoo
573 2613 705 2680 ternpore

54 2707 271 2782 Obsequium
294 2707 416 2780 amicos,
447 2709 555 2767 veritas
578 2709 676 2768 odium
698 2711 788 2783 parit
831 2709 899 2767 Ter.
921 2708 1013 2767 Andr.
1038 2704 1090 2768 67.

607 2807 697 2870 1412.

336 2915 469 2989 Namque
492 2916 518 2973 is
542 2916 721 2975 certissimus
734 2921 848 2973 auctor.
875 2916 956 2988 virg.
972 2915 1077 2988 Georg.
1099 2909 1126 2985 1,
1139 2907 1211 2974 432.

608 3014 699 3078 1413.

55 3128 223 3196 Namque
246 3120 359 3179 homini
380 3122 503 3191 misero,
527 3121 552 3178 si
576 3122 613 3180 ad
635 3123 744 3180 malum
767 3121 881 3180 aceedit
903 3123 1020 3193 malurn,

53 3231 186 3304 Major
208 3222 302 3283 libido
326 3230 372 3282 est
392 3223 494 3296 fugere
516 3231 545 3284 et
566 3225 664 3284 iacere
686 3225 831 3298 nequiter.
877 3225 972 3284 Plaut.
995 3225 1074 3284 Men.
1102 3221 1128 3297 1,
1147 3223 1172 3296 1,
1189 3221 1218 3283 6.

607 3323 697 3388 1414.

52 3440 152 3498 Nam
185 3432 239 3506 qui
262 3437 356 3501 amat,
380 3432 427 3488 eui
450 3430 518 3488 odio
540 3432 622 3504 ipsus
646 3437 706 3500 est,
729 3430 774 3488 bis
796 3429 894 3488 facere
917 3431 1007 3488 stulte
1030 3429 1121 3487 duco:

53 3540 235 3603 Laborem
257 3535 374 3594 inanem
396 3536 478 3607 ipsus
490 3535 571 3608 capit
582 3540 613 3592 et
625 3534 667 3591 illi
679 3533 844 3593 molestiam
856 3533 950 3593 affert.
974 3533 1041 3592 Ter.
1053 3532 1122 3591 Hec.
1140 3527 1212 3593 343.

605 3632 696 3696 1415.

337 3743 412 3801 Nam
435 3743 487 3816 qni
509 3743 623 3817 cupiet,
647 3747 758 3799 metuet
780 3757 913 3816 qnoque;
936 3756 1028 3813 porro
1134 3776 1136 3778 -

53 3854 127 3929 Qui
155 3852 300 3909 metuens
322 3846 415 3916 vivet,
438 3847 514 3905 liber
536 3846 608 3903 mihi
631 3860 689 3903 non
713 3847 771 3902 erit
792 3861 932 3917 unquam.

51 3951 226 4021 Perdidit
248 3966 344 4019 arma,
367 3951 462 4007 locum
485 3951 602 4008 virtutis
626 3948 771 4018 deseruit,
796 3949 846 4022 qui

53 4066 210 4132 Semper
233 4052 265 4111 in
288 4053 422 4126 augenda
442 4052 564 4112 festinat
585 4059 615 4111 et
636 4052 772 4111 obruitur
794 4068 834 4110 re.
867 4053 939 4110 Hor.
962 4051 1019 4123 Ep.
1045 4047 1072 4120 1,
1092 4046 1140 4122 16,
1158 4045 1210 4111 65.

605 4150 696 4214 1416.

50 4272 146 4332 Nam
177 4259 289 4336 quiin
312 4260 669 4333 amorempraeeipitavit‚
692 4262 789 4334 periit,
808 4260 893 4335 quasi
908 4273 979 4317 saxo
994 4257 1090 4318 saliat.
1114 4259 1211 4318 Plaut.

939 4362 1021 4422 Trin.
1045 4357 1080 4434 2,
1107 4357 1139 4434 1,
1164 4358 1213 4423 30.
