2978 5048
647 361 687 422 47

564 439 768 460 va'vvvvvx.

629 552 701 618 606.

78 656 218 716 Eximia
240 664 319 716 veste
342 663 372 715 et
393 657 471 717 victu
495 660 648 731 convivia,
671 659 781 734 lychni,

78 759 212 818 Pocula
235 759 354 831 crebra,
378 767 545 833 unguenta,
568 778 713 833 coronae,
737 767 817 820 serta
837 767 982 835 pareatur

81 862 320 937 Nequidquam,
343 865 481 939 quoniam
504 865 603 923 medio
627 866 662 924 de
686 865 766 924 fonte
788 867 922 938 leporum

85 965 201 1039 Surgit
224 967 317 1025 amari
339 957 460 1042 aliquid,
486 968 566 1041 quod
588 970 619 1028 in
641 970 715 1042 ipsis
737 967 859 1028 floribus
882 975 979 1041 angat.
1002 968 1172 1030 Lucretii.
1190 972 1227 1030 N.

1072 1067 1110 1144 4,
1135 1067 1228 1133 1131.

626 1169 699 1235 607.

86 1276 170 1335 Exit
192 1277 224 1334 in
247 1277 421 1335 immensum
442 1276 569 1337 facunda
592 1279 713 1336 licentia
735 1283 841 1348 vatum,

185 1379 306 1453 Obligat
327 1379 471 1439 historica
491 1398 546 1440 nee
568 1397 623 1440 sua
645 1380 734 1439 verba
755 1379 823 1438 fide.
869 1380 920 1439 01.
944 1381 1008 1440 Am.
1033 1376 1070 1451 3,
1098 1375 1153 1453 12,
1176 1378 1227 1440 41.

625 1477 698 1542 608.

98 1584 201 1643 Exitio
224 1590 271 1643 est
292 1585 408 1645 avidum
431 1603 512 1669 mare
536 1589 645 1647 nautis.
689 1588 762 1647 Hor.
786 1586 839 1646 Od.
867 1585 899 1658 1,
924 1581 981 1658 28,
1008 1580 1055 1646 18.

626 1685 698 1751 600.

92 1790 170 1849 Exit
190 1808 282 1866 saepe
304 1791 383 1852 furas
406 1793 520 1867 magnis
543 1810 579 1852 ex
602 1794 723 1852 aedibus
746 1795 807 1865 ille,

90 1895 175 1954 Esse
197 1896 276 1955 domi
301 1915 386 1970 quem
407 1904 576 1970 pertaesum
600 1902 662 1968 est,
686 1897 844 1970 subitoque
865 1901 998 1968 revertit,

91 1999 216 2073 Quippe
238 1999 311 2058 foris
333 2001 394 2059 nilo
417 2003 521 2059 melius
545 2002 595 2074 qui
618 2002 727 2059 sentiat
749 2017 823 2061 esse.
858 1996 1116 2071 Lucret.R.N.3,
1133 1997 1224 2062 1060.

624 2099 698 2164 610.

88 2204 206 2265 Exitus
229 2211 275 2264 est
297 2205 387 2264 studii
408 2217 502 2278 parva
523 2206 622 2266 favilla
644 2207 711 2267 mei.
756 2207 808 2268 01.
832 2202 921 2265 Trist.
945 2202 981 2276 5,
1008 2201 1062 2278 12,
1084 2201 1138 2267 62.

623 2321 695 2389 611.

89 2429 203 2489 Exitus
226 2430 258 2487 in
281 2429 326 2487 dis
349 2434 403 2490 est.
427 2457 469 2468 -·
512 2430 566 2489 01.
589 2431 661 2491 Her.
686 2426 742 2502 20,
765 2427 817 2490 44.

625 2528 699 2592 612.

92 2637 204 2695 Exitus
227 2638 258 2694 in
281 2635 369 2696 dubio
393 2642 447 2697 est.
473 2664 512 2676 -
559 2638 612 2700 01.
634 2637 707 2698 Met.
736 2631 787 2708 12,
812 2630 885 2694 522.

623 2736 695 2799 613.

93 2841 140 2902 Ex
164 2844 251 2902 malis
274 2843 372 2902 multis
395 2845 502 2902 malum
525 2844 604 2918 quod
630 2844 781 2903 minimum
803 2849 863 2913 est,
896 2843 928 2901 id
949 2844 1068 2903 minime
1091 2852 1138 2905 est
1159 2864 1219 2907 ma-

709 2950 779 3027 ium.
823 2948 920 3007 Plaut.
945 2947 1038 3008 Stich.
1065 2945 1092 3019 1,
1115 2943 1145 3021 2,
1169 2946 1220 3009 63.

625 3064 698 3127 614.

88 3170 232 3232 Exorant
252 3189 373 3246 magnos
395 3173 527 3232 earmina
548 3188 638 3246 saepe
660 3171 742 3232 deos.
788 3170 839 3230 01.
863 3171 951 3230 Trist.
976 3165 1012 3243 2,
1038 3167 1088 3233 22.

625 3288 698 3352 615.

88 3397 263 3470 Explorant
284 3396 408 3456 adversa
429 3396 508 3456 viros
529 3412 643 3470 perque
664 3412 772 3470 aspera
794 3395 868 3454 duro

88 3501 211 3561 Nititur
232 3500 271 3559 ad
291 3501 409 3560 laudem
430 3500 524 3560 virtus
546 3501 686 3559 interrita
706 3500 792 3559 clivo.
838 3499 891 3558 Sil.
914 3498 980 3557 Ital.
1004 3496 1078 3557 Puu.
1102 3495 1132 3569 4,
1146 3492 1218 3556 603.

617 3615 690 3680 616.

88 3725 272 3800 Exspatiata
293 3731 384 3783 ruunt
404 3740 459 3799 per
480 3731 600 3800 apertos
622 3723 743 3784 flumina
764 3739 892 3797 campos.
927 3723 979 3783 01.
1002 3721 1075 3784 Met.
1101 3720 1129 3793 1,
1146 3718 1222 3784 285.

621 3841 693 3906 617.

86 3953 280 4025 Exspectant
299 3966 390 4010 curae
412 3951 601 4025 catenatique
623 3950 755 4012 labores:

181 4054 297 4114 Gaudia
324 4071 382 4114 non
413 4061 581 4126 remaneat,
615 4056 668 4114 sed
689 4055 817 4144 §fugitiva
845 4056 954 4115 volant.
999 4051 1088 4112 Mart.
1117 4052 1220 4127 Epigr.

1049 4155 1082 4230 1,
1109 4153 1166 4231 15,
1191 4154 1219 4218 7.

619 4257 692 4324 618.

85 4368 218 4429 Exstitit
239 4367 296 4425 hoa
317 4386 415 4444 unum,
439 4385 496 4443 quo
519 4383 578 4426 non
602 4371 773 4428 convenerit
794 4371 864 4428 illis,
893 4367 945 4426 Ov-
969 4366 1055 4426 Pont.
1080 4361 1109 4436 3,
1124 4361 1153 4434 2,
1168 4359 1218 4425 87.
