2978 5048
731 349 771 410 23

648 433 852 448 mmm

712 538 785 604 330.

189 641 260 703 Cum
283 651 364 704 reete
387 645 477 715 vivas,
500 662 538 705 ne
560 662 646 706 eures
668 646 759 706 verba
780 648 938 706 malorum:

188 747 314 808 Arbitrii
337 750 432 809 nostri
454 765 513 808 uon
537 755 596 821 ast,
619 751 691 824 quid
713 752 839 826 quisque
861 752 1009 825 loquatur.
1042 751 1106 810 (lat.
1129 752 1206 810 Dist.
1230 747 1260 822 3,
1286 747 1317 809 3.

713 849 785 913 331.

434 952 506 1015 Oum
528 971 577 1014 res
598 955 748 1030 trepidae,
770 958 938 1017 reverentia
959 958 1057 1023 divum

186 1057 343 1128 Nascitur3
368 1061 399 1117 at
420 1074 507 1117 rarae
530 1057 641 1120 fumant
661 1059 795 1119 felicibus
819 1077 899 1120 arae.
944 1062 994 1123 Sil.
1017 1061 1083 1121 Ital.
1107 1061 1181 1120 Puu.
1207 1059 1236 1131 7,
1261 1053 1316 1120 88.

452 1147 454 1149 ’
710 1159 782 1224 332.

432 1261 503 1322 (ium
527 1265 588 1324 sale
609 1265 696 1340 panis

184 1365 357 1426 Latrantem
380 1367 562 1427 stomachum
583 1367 658 1428 bene
680 1368 780 1428 leniet.
804 1398 846 1408 -
888 1370 960 1429 Hor.
986 1369 1047 1430 Sat.
1071 1365 1105 1440 2,
1130 1365 1164 1441 2,
1191 1365 1238 1428 17.

709 1467 781 1530 333.

183 1572 255 1633 Gum
278 1575 370 1634 semel
393 1575 537 1634 occideris
560 1580 590 1634 et
611 1574 648 1634 de
670 1579 700 1634 te
722 1574 876 1649 splendida
896 1574 996 1634 Minos

267 1678 387 1737 Fecerit
409 1677 548 1738 arbitria:

181 1781 258 1850 Non,
282 1780 447 1854 Torquate,
470 1798 576 1854 penus,
599 1798 659 1840 uon
681 1787 710 1839 te
732 1779 883 1850 facundia,
905 1796 965 1839 non
988 1785 1018 1838 te

266 1884 418 1944 Restituet
439 1885 545 1958 pietas
590 1885 662 1944 Hor.
687 1883 741 1944 Od.
765 1881 800 1955 4,
824 1877 859 1954 7,
883 1878 934 1942 21.

708 1982 779 2048 334.
896 2018 901 2024 -

181 2087 252 2147 Cum
275 2091 316 2148 sis
338 2091 475 2150 incautus
496 2107 553 2151 nee
574 2108 637 2151 rem
659 2091 774 2151 ratione
793 2089 948 2163 gubernes,

180 2192 248 2251 Noli
270 2192 433 2266 fortunam,
464 2211 539 2270 quae
561 2211 620 2254 uon
643 2199 704 2266 est,
727 2193 826 2253 dicere
849 2209 975 2252 caecam.
1019 2191 1083 2252 Cat.
1106 2193 1183 2254 Dist
1206 2188 1245 2266 4,
1281 2191 1313 2256 3.

705 2291 778 2355 335.

182 2398 255 2458 Cum
277 2405 307 2458 te
329 2400 438 2475 aliquis
459 2399 575 2471 laudat,
595 2399 686 2474 Judex
707 2405 775 2459 tuus
798 2414 863 2459 esse
884 2404 1043 2459 memento:

179 2503 251 2561 Plus
274 2503 342 2562 aliis
365 2503 402 2563 de
423 2510 453 2563 te
476 2520 563 2579 quam
585 2509 616 2563 tu
638 2503 693 2562 tibi
714 2503 837 2563 eredere
860 2504 931 2564 noli.
975 2501 1039 2563 (iat.
1062 2503 1139 2562 Dist.
1166 2500 1197 2572 1,
1225 2498 1277 2563 14.

704 2602 777 2668 336.

183 2706 255 2766 Cum
277 2713 330 2768 tua
351 2710 507 2783 pervideas
529 2712 623 2771 oeulis
643 2713 722 2771 mala
741 2712 840 2786 lippus
862 2710 1008 2770 inunctis:

181 2807 241 2869 O‘ur
261 2812 293 2870 iu
318 2813 478 2874 amicorum
500 2816 580 2874 vitiis
602 2819 661 2875 tam
684 2816 781 2875 cernis
804 2818 940 2875 neutum?
963 2814 1036 2874 Har.
1061 2812 1122 2873 Sat.
1149 2809 1175 2885 1,
1199 2808 1229 2883 3,
1253 2807 1311 2876 25.

702 2909 776 2975 337.

140 3017 142 3021 '
179 3015 293 3077 Cuncta
312 3016 422 3090 fluunt,
443 2992 599 3095 amnisque
618 3019 895 3092 uagausiormatur
915 3019 1021 3092 image.

179 3120 249 3193 Ipsa
271 3137 390 3196 quoque
412 3123 532 3182 assiduo
553 3122 693 3183 labuntur
714 3127 850 3196 tempora
871 3128 960 3193 motu,

178 3224 247 3282 Nun
271 3240 356 3283 secus
379 3242 414 3285 ae
435 3224 553 3286 flumen.
597 3226 702 3301 Neque
723 3227 800 3284 anim
824 3227 986 3285 consistere
1008 3225 1114 3283 flumen

179 3329 242 3385 Nee
265 3329 337 3388 levis
361 3329 435 3389 hura
456 3335 571 3405 potest;
595 3331 648 3389 sed
669 3336 703 3389 ut
724 3329 803 3388 nuda
824 3329 987 3403 impellitur
1008 3329 1087 3390 unda

178 3429 365 3506 urgeturque
386 3433 471 3506 prtnr
490 3433 628 3495 veniente
650 3439 792 3507 urgetque
814 3433 960 3506 priorem:

176 3535 323 3608 Tempora
345 3536 388 3595 sia
410 3535 524 3610 fugiunt
544 3539 658 3611 pariter
679 3536 852 3610 pariterque
873 3541 1037 3610 sequuntur

177 3637 219 3696 Et
239 3655 315 3698 nova
337 3644 405 3698 suut
427 3651 553 3714 semper.
575 3668 618 3681 --
663 3639 716 3699 Ov.
739 3639 811 3699 Mat.
837 3633 891 3708 tt,
918 3632 988 3697 178.

432 3748 434 3752 ’
702 3737 792 3802 338·

178 3842 294 3904 (iuncta
314 3851 415 3920 potest
441 3847 532 3921 igitur
553 3847 644 3907 terito
667 3845 743 3920 pede
770 3847 857 3920 lapsa
883 3850 1024 3906 vetustas.
1069 3846 1121 3906 Ov.
1150 3846 1242 3907 Trist.
1274 3843 1308 3920 4,

1189 3945 1319 4020 6,,17.

699 4046 772 4111 339.

177 4148 291 4212 (iuncta
311 4154 395 4227 prius
418 4131 574 4213 tentanda:¹
597 4154 650 4214 sed
671 4154 885 4216 immedicabile
907 4156 1012 4214 vulnus

174 4255 256 4317 Ense
283 4256 476 4318 recidendum
505 4256 591 4328 (ast),
628 4273 666 4317 ne
692 4272 763 4332 pars
796 4259 914 4318 sineere
948 4259 1094 4318 trahatur.
1145 4260 1197 4318 Ov.
1226 4258 1306 4322 Met.

611 4373 616 4386 ·
1169 4358 1200 4434 1,
1231 4360 1304 4425 190.
