2978 5048
720 355 784 434 215

650 439 857 455 ᾺΜΛΛΛΛΛΛ

697 542 793 610 2722.

185 651 284 726 Urget
307 651 385 711 diem
409 669 469 712 uox
492 659 523 713 et
543 652 610 712 dies
630 656 756 712 noctem.
800 652 874 714 Ηοτ.
897 648 1075 726 11001117,
1098 647 1149 712 25.

702 749 797 814 2723.

435 858 559 918 Urticae
580 858 716 932 proximu
738 872 826 930 seepe
849 871 919 915 rosa
942 860 996 916 est.
1040 858 1093 917 0v.
1116 858 1198 920 Rem.
1222 856 1274 922 46.

697 954 797 1018 2724.

178 1064 289 1139 Usque
312 1063 387 1124 eden
407 1065 482 1124 letet
503 1063 627 1125 utilitas.
650 1093 691 1104 -
736 1063 788 1124 00.
812 1061 886 1124 Met.
910 1057 945 1136 6,
968 1057 1040 1124 438.

698 1158 794 1223 2725.

179 1270 290 1344 Usque
312 1269 427 1330 adeone
448 1269 524 1329 mori
546 1269 687 1328 miserum
710 1273 840 1328 0011-
883 1267 965 1342 Virg.
988 1267 1063 1330 Aen.
1090 1266 1143 1344 12,
1167 1268 1240 1332 646.

699 1365 793 1430 2726.

582 1471 684 1548 Usque
707 1473 821 1533 adeone

172 1577 267 1636 Scire
290 1581 370 1636 tuum
393 1576 470 1635 nihil
491 1581 552 1647 est,
576 1576 686 1636 uisite
709 1576 787 1635 scire
809 1575 885 1634 sciat
908 1576 1001 1635 alter?
1031 1579 1115 1638 Pers.
1138 1579 1201 1640 Sat.
1220 1575 1247 1650 1,
1262 1574 1314 1638 26.

701 1672 796 1737 2727.

429 1780 531 1856 Usque
554 1781 629 1841 adeo
651 1782 735 1842 nulla
756 1785 802 1840 est
824 1780 942 1841 sincera
963 1780 1110 1856 voluptas.
1164 1783 1217 1843 Ov.
1239 1782 1313 1844 Met.

1183 1882 1215 1958 7,
1240 1881 1312 1947 453.

693 1980 788 2044 2728.

428 2087 506 2147 Usus
529 2087 691 2148 communis
716 2103 870 2162 aquarum.
915 2088 969 2149 Ov.
992 2088 1067 2150 Met.
1091 2085 1129 2162 6,
1153 2083 1226 2151 349.

694 2183 792 2250 2729.

167 2293 261 2353 Usus
284 2308 358 2367 opus
381 2299 479 2352 movet
499 2293 565 2352 hoc.
588 2322 631 2332 —
675 2293 728 2353 Ov.
751 2282 845 2353 Ast.
872 2290 905 2365 1,
929 2289 981 2356 29.

696 2408 791 2474 2736.

429 2513 471 2573 Ut
493 2516 618 2587 ameris,
642 2519 722 2574 ema!
747 2543 787 2556 -
831 2515 921 2574 Mart.
944 2517 1047 2592 Epigr.
1071 2514 1107 2589 6,
1133 2514 1189 2590 11,
1215 2513 1263 2577 10.

695 2628 790 2696 2731.

426 2734 467 2794 Ut
489 2735 613 2808 ameris,
637 2736 771 2796 amabilis
794 2733 875 2797 esto!
920 2739 972 2797 Ov.
996 2737 1031 2797 A.
1055 2737 1089 2796 A.
1113 2732 1150 2811 2,
1178 2736 1247 2799 107.

698 2850 803 2916 2732.

171 2961 220 3020 Ut
244 2975 368 3032 corpus,
392 2957 502 3017 teneris
523 2958 568 3017 ite
589 2975 672 3017 mens
695 2958 811 3017 infirma
832 2958 951 3033 puellis.
996 2960 1048 3019 Ov.
1071 2961 1141 3018 Her.
1169 2955 1221 3032 19,
1246 2959 1274 3020 7.

692 3073 786 3138 2733.

172 3184 220 3242 Ut
250 3183 356 3255 cuique
387 3186 432 3240 est
465 3185 564 3252 aetas,
597 3182 642 3241 110
669 3197 814 3257 quemque
841 3182 954 3241 facetus
981 3181 1099 3257 adopta.
1149 3183 1222 3241 Hor.
1251 3183 1309 3258 Ep.

1141 3281 1174 3357 1,
1198 3280 1232 3358 6,
1257 3280 1308 3342 55.

692 3379 791 3452 2734,

170 3488 337 3561 Utcunque
360 3486 495 3546 defecere
517 3502 624 3558 mores,

263 3587 783 3664 901000000160000010001000.
827 3590 899 3649 Hor.
925 3588 979 3647 Od.
1004 3584 1037 3660 4,
1062 3585 1098 3662 4,
1122 3585 1173 3649 35.

692 3702 787 3767 2735.

168 3809 334 3884 Utcunque
357 3816 402 3871 est
424 3815 537 3882 ventus,
561 3811 629 3871 exin
651 3812 747 3870 velum
769 3810 902 3871 vertitur.
935 3808 1031 3869 Pleut.
1053 3790 1145 3870 Puen.
1170 3807 1199 3888 3,
1223 3811 1252 3886 5,
1277 3809 1307 3873 9.

690 3925 785 3988 2736.
852 3978 855 3986 .

169 4032 216 4094 Ut
239 4031 339 4091 desint
360 4031 448 4105 uires,
471 4038 571 4093 tamen
593 4037 641 4092 est
653 4032 804 4093 laudanda
820 4033 966 4094 voluntas.
995 4033 1049 4094 Ov.
1063 4032 1151 4092 Pont.
1167 4028 1196 4105 3,
1209 4027 1239 4105 4,
1255 4029 1305 4093 79.

692 4129 786 4195 2737.

168 4237 217 4299 Ut
246 4236 352 4297 ducum'
380 4237 486 4310 lituos,
524 4237 569 4296 sic
595 4252 692 4298 mores
721 4244 822 4300 cestra
856 4246 1029 4315 sequuntur.
1079 4238 1181 4300 01006.
1211 4239 1306 4300 Laud.

1082 4337 1209 4419 sttui,
1234 4337 1305 4400 169.
