2978 5048
672 425 699 439 tl*
704 426 829 441 [KMAJNJN
836 427 877 440 fllx

726 535 818 599 1506.

197 648 322 706 Nescia
346 664 428 706 mens
451 647 601 704 hominum
624 643 677 702 fati
699 646 849 718 sortisque
871 643 989 702 futurae

195 753 244 810 Et
271 767 395 811 servare
416 750 533 809 modum
556 747 643 807 rebus
667 747 783 806 sublata
805 748 954 807 secundis
1000 748 1080 820 Virg.
1102 746 1176 805 Aen.
1204 742 1252 815 10,
1267 739 1339 805 501.

726 844 817 908 1507.

457 956 567 1014 Nescia
589 955 681 1013 virtus

195 1064 300 1122 Stare
325 1063 401 1119 loce.
428 1093 464 1100 -
509 1060 623 1117 Lucan.
646 1058 750 1117 Phars.
778 1056 810 1128 1,
837 1054 906 1118 144.

730 1157 821 1219 1508.

460 1267 614 1324 Nescimus
638 1265 759 1327 credere
789 1267 881 1324 coelo.
927 1267 1030 1326 Manil.
1053 1266 1171 1326 Astron.
1204 1264 1237 1339 1,
1267 1264 1339 1329 905.

728 1363 820 1428 1509.

178 1475 334 1544 Nescic,
360 1491 417 1546 qua
435 1475 533 1532 natale
555 1473 649 1530 solum
674 1472 829 1531 dulcedine
853 1482 974 1532 cunctos

290 1577 386 1635 Ducit
408 1582 439 1635 ct
460 1577 645 1634 immemores
669 1592 727 1632 non
751 1576 823 1633 sinit
845 1593 909 1635 esse
933 1579 989 1637 sui.
1027 1579 1079 1636 Ov.
1104 1578 1191 1637 Pcut.
1209 1575 1234 1648 1,
1248 1573 1277 1648 3,
1287 1572 1338 1635 35.

726 1674 816 1738 1510.

172 1784 309 1845 Nescit
335 1799 418 1841 amor
439 1783 546 1856 priscis
569 1782 673 1841 cedere
695 1782 881 1853 imaginibus.
926 1784 1017 1857 Prop.
1040 1784 1123 1857 Eleg.
1150 1781 1183 1856 1,
1208 1783 1240 1854 5,
1265 1780 1316 1843 24.

728 1881 828 1945 1511.

456 1989 560 2047 Nescit
582 2005 637 2047 vox
660 1990 751 2047 misse
774 1991 892 2050 reverti.
938 1991 1010 2048 Ηο1.
1033 1990 1069 2048 Α.
1094 1993 1127 2051 Ρ.
1151 1988 1223 2051 390.

725 2087 816 2152 1512.

170 2202 260 2260 Neu
291 2198 376 2256 desis
399 2211 508 2268 operae
530 2212 603 2254 neve
625 2196 836 2256 immoderatus
861 2190 1002 2256 abu'ndes,
1035 2197 1108 2259 Hor.
1124 2199 1184 2259 Sat.
1200 2195 1228 2270 2,
1243 2198 1272 2271 5,
1287 2194 1336 2261 89.

727 2295 818 2360 1513.

457 2405 580 2476 Nigrum
603 2406 633 2461 iu
656 2403 782 2463 candida
804 2410 932 2464 vertunt.
978 2405 1043 2464 Juv.
1067 2405 1128 2464 Sat.
1153 2401 1190 2476 3,
1214 2401 1264 2464 30.

730 2502 821 2567 1514.

176 2612 289 2673 Nihil
315 2609 387 2681 agit,
412 2609 461 2682 qui
480 2608 660 2669 diffidentem
676 2609 772 2668 verbis
787 2613 898 2669 solatur
911 2611 981 2668 suis.
1006 2611 1103 2669 Plaut.
1115 2611 1203 2685 Epid.
1222 2610 1248 2682 1,
1262 2607 1292 2683 2,
1307 2606 1337 2669 9.

726 2709 816 2771 1515.

1152 1022 1161 1055 1

456 2815 540 2874 Nihil
575 2831 671 2885 amas,
706 2832 770 2873 cum
804 2808 950 2888 iniuratum
987 2834 1077 2876 amas.
1123 2819 1218 2876 Plaut.
1253 2819 1336 2877 Pers.

801 2916 804 2921 ·
1164 2915 1199 2991 2,
1224 2915 1260 2993 2,
1283 2917 1334 2982 46.

724 3017 816 3082 1516.

395 3125 397 3128 ⁴
453 3127 537 3184 Nihil
560 3133 605 3184 est
627 3126 662 3185 ab
687 3129 766 3186 omni

287 3232 382 3290 Parte
404 3229 531 3289 beatum.
576 3231 649 3287 Hor.
673 3229 727 3288 Od.
752 3224 788 3300 2,
813 3225 868 3301 16,
892 3226 949 3301 27,
1035 3264 1041 3277 ·

723 3328 814 3394 1517.

183 3439 287 3500 Nihil
312 3442 360 3495 est
382 3436 517 3493 miserius
541 3451 628 3508 quam
651 3437 766 3495 unimus
790 3438 917 3496 hominis
941 3439 1085 3499 conscius.
1126 3441 1221 3501 Plaut.
1244 3442 1334 3502 Most.

1164 3539 1199 3614 3,
1226 3541 1259 3615 l,
1286 3541 1335 3603 13.

720 3637 811 3703 1518.
1111 3644 1114 3651 ’
1206 3622 1215 3653 “

455 3747 536 3804 Nihil
560 3752 622 3818 est,
647 3748 724 3820 quod
747 3747 869 3806 credere
893 3747 928 3806 de
951 3764 982 3806 se

184 3858 268 3915 Non
293 3850 404 3925 possit,
430 3867 494 3908 cum
517 3850 656 3909 laudatur
679 3849 724 3908 dis
749 3867 845 3926 aequa
865 3857 1007 3927 potestas.
1052 3854 1119 3914 Juv.
1145 3856 1205 3915 Sat.
1231 3851 1259 3925 4,
1283 3849 1333 3914 70.

721 3950 812 4014 1519.

452 4055 535 4113 Nihil
558 4063 604 4114 est
625 4062 704 4126 tote,
729 4058 807 4131 quod
829 4064 957 4134 perstet,
980 4061 1011 4118 in
1035 4060 1122 4120 orbe:

188 4162 321 4222 Cuncta
342 4156 450 4231 fluunt,
474 4160 627 4233 omnisque
650 4177 759 4234 vagans
781 4154 926 4221 formatur
947 4142 1066 4234 imago(

186 4269 272 4341 Ipsa
296 4279 416 4337 quoque
439 4262 559 4320 assiduo
582 4262 723 4322 labuntur
743 4269 878 4338 tempora
900 4271 991 4336 motu,

188 4372 268 4432 Non
293 4383 381 4426 secus
405 4381 440 4424 ac
461 4365 578 4425 flumen.
607 4368 728 4442 'Neque
751 4369 828 4426 enim
852 4368 1015 4428 consistere
1038 4368 1146 4429 flumen
