2978 5048
552 320 758 420 &iiim

604 509 700 573 2421.

153 617 184 675 iit
205 616 382 686 Alexander,
406 621 484 679 tesia
512 632 582 675 cnm-
601 615 729 677 videtin
751 618 805 677 illa

153 736 222 777 num
245 718 453 789 habitatorem,
478 725 588 792 quanto
611 717 729 779 felicior
752 718 818 788 hic,
843 720 895 792 qui

156 828 295 895 cuperet,
320 838 406 896 qnam
430 822 480 895 qni
504 827 599 879 totum
622 821 680 878 sibi
701 827 843 897 posceret
864 822 975 893 orbem,

153 941 231 982 curus
254 925 343 997 gestis
367 923 523 997 aequanda
545 924 678 996 pericula
700 924 798 982 rebus.
844 924 910 983 Jnv.
938 925 1002 985 Sat.
1029 921 1083 996 14,
1108 922 1180 986 311.

581 1037 697 1105 ,2422
717 1081 721 1099 ,-
1115 1102 1118 1107 ,

154 1147 180 1204 it
204 1118 304 1205 amans
328 1164 382 1206 sua
405 1147 513 1206 damna
534 1144 612 1219 fere,
635 1151 735 1205 tamen
757 1117 862 1205 hacnet
884 1146 914 1203 in
936 1147 1006 1214 illis
1052 1149 1102 1208 Ov.
1126 1150 1217 1211 Trist.

1061 1250 1091 1324 4,
1118 1248 1144 1322 1,
1167 1249 1217 1311 33.

597 1362 692 1427 2423.
991 1437 992 1440 ¹

330 1472 465 1546 Sequens
488 1470 760 1562 mirabiturlaetas.
807 1471 858 1530 Ov.
883 1471 969 1532 Pona
993 1467 1030 1545 2,
1053 1466 1090 1544 6,
1115 1469 1167 1535 21.

581 1585 691 1647 Ι2424.

330 1694 368 1753 Se
393 1695 518 1769 quisque
541 1698 572 1752 et
594 1692 667 1753 vivit
679 1691 814 1751 oteffcri„
844 1693 948 1753 Manil.
961 1695 1083 1756 Astron.
1097 1693 1127 1766 4,
1143 1691 1214 1757 534.

597 1807 693 1871 2425.

153 1915 223 1977 citer
245 1916 389 1989 superbos
413 1918 492 1975 ultor
515 1933 534 1975 a
554 1922 637 1988 tergo
661 1915 743 1975 dena.
790 1915 856 1975 Son.
881 1917 970 1976 Herc.
996 1917 1064 1978 Fur.
1090 1913 1162 1980 385.

595 2028 689 2094 2426.

324 2139 399 2198 Sero
420 2155 569 2212 nunquam
593 2143 639 2199 est
660 2137 699 2197 ad
715 2118 814 2197 ¹bonos
838 2118 944 2199 nores
958 2141 1021 2203 vie:

154 2242 326 2314 npoenitot
348 2258 504 2316 peccasse,
536 2257 634 2315 paene
657 2247 704 2301 est
725 2243 875 2301 innocens.
921 2242 988 2303 Sen.
1013 2244 1113 2317 Agam.
1138 2241 1211 2308 242.

593 2354 687 2420 2421.

290 2485 292 2489 ·
326 2463 407 2524 Senis
430 2465 512 2523 venit
533 2480 607 2523 usus
620 2463 665 2539 ab
687 2465 784 2525 annis.
831 2465 883 2527 Ov.
906 2464 985 2525 Met..
1004 2458 1038 2547 6,
1063 2461 1131 2541 29.

593 2577 687 2645 2428.

154 2702 177 2743 is
201 2692 252 2744 ant
274 2687 362 2746 citius
386 2686 486 2746 sedem
509 2701 704 2760 properamus
728 2685 767 2745 ed
788 2703 893 2747 imam:

154 2791 235 2847 limus
258 2789 317 2849 huc
339 2806 450 2862 omnes,
474 2791 549 2851 haec
564 2795 611 2851 cst
621 2789 724 2864 donans
738 2789 852 2850 ultima.
867 2818 910 2831 --
940 2789 991 2848 Ov.
1003 2790 1076 2853 Met.
1095 2787 1143 2863 10,
1158 2787 1209 2851 33.

592 2902 684 2969 2429.

154 3026 176 3067 ,ο
201 3011 289 3070 datur
311 3013 443 3084 cunctis,
469 3013 559 3072 animi
583 3013 733 3086 sapientia
755 3013 868 3084 paucis.
914 3011 978 3073 Get.
1002 3013 1079 3072 Dist.
1106 3009 1132 3085 1,
1160 3009 1207 3074 10.

592 3127 688 3192 2433.
804 3159 807 3164 ·

321 3234 466 3308 Serpens,
490 3236 572 3306 sitio,
587 3222 702 3307 sardos,
726 3248 835 3294 arenae

154 3338 180 3395 ia
204 3338 323 3396 virtuti:
347 3338 457 3411 gaudet
479 3340 631 3410 patientia.
647 3338 741 3401 duris.

155 3445 195 3499 ins
230 3448 290 3512 est,
326 3442 442 3515 quoties
479 3456 584 3514 magno
624 3442 681 3500 sibi
718 3447 837 3501 constat
873 3441 1040 3501 honestum.
1091 3442 1205 3502 Lucan.

943 3546 1047 3605 Phara.
1072 3542 1206 3617 44112.

587 3660 681 3725 2431.

155 3787 174 3827 n
198 3774 244 3826 est
267 3768 390 3826 cavendi
413 3772 530 3843 tempus
553 3769 584 3828 in
603 3769 712 3833 mediis
735 3769 831 3830 malis,
876 3770 946 3833 Sco·
967 3771 1088 3846 Thyest.
1112 3763 1184 3830 487.

584 3883 678 3947 3432.

156 4012 189 4054 rc
213 3994 323 4054 amanti
346 3991 467 4050 miseria
496 3997 556 4064 est,
585 3993 761 4067 praesertim
786 3992 851 4067 qui,
883 3993 961 4067 qnod
984 4001 1078 4066 amat,
1113 4001 1203 4056 cerei.

815 4097 910 4160 Plani.
935 4097 1025 4156 Pocn.
1050 4096 1089 4171 4,
1115 4095 1148 4170 1,
1173 4094 1202 4157 4.

582 4213 678 4277 2433.

155 4344 167 4384 a
191 4343 283 4400 rcgno
305 4329 431 4393 dabant,
456 4321 583 4396 captivis
604 4321 667 4387 faia
688 4325 879 4398 triumphum·
901 4328 967 4387 Juv.
992 4325 1053 4384 Sat.
1079 4320 1108 4396 7,
1125 4317 1198 4385 201.
