2978 5048
709 349 772 412 206

636 434 842 449 WVVWUWX

690 538 784 604 2616.

174 648 301 721 Tempus
325 650 400 707 edax
422 665 520 707 rerum
543 653 634 720 tuque
658 647 806 705 invidiosa
828 651 971 716 vetustas,

176 752 281 810 Omnia
304 751 457 809 destruitis
479 750 643 824 vitiataque
667 750 807 808 dentibus
831 751 895 808 aevi

174 855 321 912 Paulatim
344 855 426 911 lenta
448 852 622 910 consumitis
645 852 746 911 omnia
766 859 873 910 morte.

174 957 257 1015 Haec
281 972 398 1030 quoque
422 971 480 1013 nou
504 960 654 1027 perstant,
687 970 765 1028 quac
799 971 853 1013 nos
883 957 1029 1014 clementa
1057 967 1210 1011 vocamus.
1261 951 1315 1010 Or.

1061 1055 1131 1113 Met.
1160 1050 1211 1125 15,
1240 1049 1315 1110 234.

694 1152 789 1218 2617.

176 1263 304 1338 Tempus
326 1263 358 1322 in
382 1279 517 1336 agrorum
530 1261 609 1320 cultu
622 1275 797 1319 consumere
809 1259 894 1319 dulce
911 1265 965 1320 est.
994 1259 1048 1320 Or.
1062 1261 1151 1319 Pont.
1165 1255 1198 1330 2,
1216 1256 1248 1329 7,
1266 1253 1318 1317 69.

694 1372 788 1436 2618.

85 1465 87 1469 ¹
143 1556 147 1561 ¹
176 1484 335 1543 Tendimus
358 1482 416 1541 huc
440 1498 550 1551 omnes,
574 1486 679 1538 metam
702 1496 898 1554 properamus
922 1481 1084 1540 adunam:

262 1587 370 1646 Omnia
398 1584 451 1642 sub
481 1586 560 1656 leges
596 1598 674 1640 mors
707 1589 793 1641 vocat
823 1590 889 1641 atra
917 1600 994 1643 suas.
1041 1584 1093 1644 Or.
1123 1581 1215 1641 Cous.
1249 1584 1317 1643 Liv.

1139 1686 1216 1759 Aug.
1243 1681 1317 1746 359.

692 1781 787 1848 2619.

426 1890 535 1949 Tendit
557 1892 586 1948 in
609 1890 703 1949 ardua
725 1893 827 1950 virtus.
874 1890 926 1950 Ov.
950 1891 1037 1950 Pont.
1062 1887 1097 1961 2,
1121 1886 1160 1960 2,
1188 1887 1266 1949 113.

693 2003 787 2070 2620.

427 2113 522 2171 Tenet
542 2111 707 2170 insanabile
729 2113 838 2171 multos

180 2216 336 2275 Scribendi
358 2215 515 2274 cacoethes
538 2219 569 2273 11
590 2229 679 2287 aegro
702 2216 733 2272 in
756 2215 845 2273 corde
868 2211 1005 2274 senescit.
1046 2215 1112 2273 Juv.
1130 2215 1191 2272 Sat.
1217 2209 1249 2286 7,
1267 2211 1318 2275 51.

621 2339 622 2342 ’
694 2328 788 2392 2621.

428 2436 582 2495 Teutanda
605 2435 654 2493 via
675 2442 730 2506 est,
757 2454 814 2510 qua
836 2453 881 2495 me
904 2452 1020 2510 quoque
1043 2435 1153 2508 possim

179 2541 297 2599 Tollere
321 2538 408 2597 humo
428 2540 581 2613 victorque
603 2537 696 2595 virum
711 2538 835 2596 volitare
849 2553 905 2610 per
919 2554 982 2599 ora.
1015 2539 1095 2611 Virg.
1109 2537 1220 2612 Georg.
1236 2535 1267 2612 3,
1290 2534 1320 2598 8.

694 2650 788 2714 2622.

429 2759 471 2816 Τ1
493 2759 573 2817 nulla
595 2766 693 2817 movet
714 2765 815 2819 1111111
836 2760 957 2832 pietatis
980 2760 1084 2833 imago.
1129 2761 1211 2833 virg.
1239 2762 1318 2821 Aen.

1179 2859 1217 2934 6,
1244 2860 1320 2923 405.

695 2959 789 3024 2623.
820 2987 826 2997 ·

181 3069 298 3140 Teque,
329 3066 408 3139 quod
431 3072 476 3124 est
497 3082 611 3132 rarum,
633 3072 753 3139 praesta
775 3073 947 3126 constanter
969 3069 1007 3126 ad
1030 3084 1115 3125 omne

224 3170 428 3228 indeclinatae
450 3184 553 3225 munus
576 3163 739 3227 amicitiae!
784 3168 836 3227 Ov.
859 3169 949 3230 Trist.
973 3169 1010 3241 4,
1034 3168 1070 3241 5,
1093 3165 1144 3227 23.

697 3281 801 3348 2624,··

181 3390 275 3448 Τ1111
308 3390 402 3458 malos
435 3389 567 3447 homines
598 3408 675 3450 nunc
712 3391 818 3450 educat
847 3397 936 3465 atque
965 3393 1099 3465 pusillos.
1144 3392 1215 3450 Juv.
1246 3373 1320 3450 Sat.

1184 3491 1244 3564 15,
1271 3491 1323 3552 70.

698 3589 792 3656 2625.

182 3697 277 3755 Τ1111
299 3695 467 3771 salutiferas
491 3695 599 3755 herbas
623 3696 785 3770 eademque
806 3704 952 3760 nocentes

268 3801 385 3871 Nutrit,
408 3804 438 3856 et
460 3800 573 3857 urticae
596 3799 732 3871 proxima
753 3817 843 3874 saepe
865 3818 935 3860 rosa
957 3805 1011 3859 est.
1056 3800 1109 3859 Ov.
1132 3800 1218 3859 Rem.
1247 3798 1299 3864 45.

701 3913 794 3977 2626.

182 4021 325 4079 Terretur
346 4020 466 4078 minimo
488 4035 604 4093 pennae
627 4021 755 4081 stridore
778 4022 913 4081 columba

268 4121 432 4195 Unguibus,
455 4123 608 4196 accipiter,
631 4124 733 4183 saucia
754 4124 833 4184 iacta
854 4125 923 4184 tuis.
969 4125 1020 4183 Or.
1044 4124 1131 4181 Trist
1161 4119 1189 4192 1,
1219 4122 1249 4196 1,
1272 4124 1324 4187 75.

697 4219 792 4285 2621.

183 4328 341 4388 Tertiusso
365 4329 453 4387 coelo*
470 4327 580 4387 cecidit
599 4325 682 4388 0111.
706 4355 747 4368 -
790 4329 857 4390 Juv.
881 4330 942 4388 Sat.
966 4323 1002 4399 2,
1025 4321 1077 4388 40.
