2978 5048
561 447 580 460 .
626 357 761 461 tium

615 551 706 615 1663.

48 663 145 720 Non
177 678 300 733 semper
321 678 463 735 praesens
488 661 573 719 dolor
596 667 642 719 est
664 660 822 719 sanabilis:
853 677 923 732 ergo

48 765 161 823 Oura
197 765 291 837 magis
308 833 311 838 ⁸
319 764 442 836 prodest
463 765 595 823 venturis
618 764 704 823 obvia
726 765 845 824 morbis.
885 763 988 822 Seren.
1014 763 1091 821 Sam.
1118 764 1226 825 Medio.

1096 862 1130 938 7,
1157 863 1227 928 103.

613 964 704 1028 1064.

344 1075 421 1146 Non,
445 1075 470 1131 si
494 1075 568 1132 male
591 1091 678 1144 nuno,
702 1080 732 1132 et
754 1074 823 1131 olim

46 1179 120 1237 Sic
151 1177 234 1236 erit.
263 1205 296 1213 -
343 1178 417 1236 Hor.
441 1177 494 1236 Od.
520 1171 559 1246 2,
585 1171 638 1247 10,
666 1171 713 1234 17.

590 1274 705 1336 Ι1065.
800 1282 836 1297 ·'

166 1386 247 1442 Non
271 1386 346 1442 solet
368 1384 495 1457 ingeniis
518 1400 631 1441 summa
653 1398 762 1440 nocere
786 1382 858 1452 dise,

51 1490 245 1561 Famaque
269 1494 338 1560 post¹
360 1488 474 1545 eineres
497 1489 591 1559 major
613 1488 703 1546 venit.
727 1514 769 1524 -·
816 1485 869 1546 Ov.
893 1486 978 1546 Pont.
1002 1482 1039 1556 4,
1066 1482 1120 1556 16,
1144 1483 1172 1544 2.

611 1601 703 1664 1066.

10 1688 17 1771 i
57 1712 141 1773 Hom
172 1712 279 1770 solum
302 1715 405 1768 taurus
429 1709 497 1768 ferit
519 1711 603 1768 uncis
627 1709 766 1768 cornibus
789 1709 913 1778 hostem,

10 1794 13 1817 ³
165 1816 288 1872 Verum
324 1816 411 1872 etiam
445 1815 568 1871 instanti
599 1814 680 1871 laesa
712 1818 857 1884 repugnat
892 1812 965 1870 ovis.
1022 1813 1112 1886 Prop.
1144 1815 1225 1886 Eleg.

1011 1922 1020 1944 '·
1055 1913 1091 1987 2,
1116 1912 1149 1988 4,
1177 1913 1224 1978 19.

616 2022 706 2093 1667.

10 2084 17 2185 i
51 2143 141 2201 Non
181 2156 246 2197 suo
273 2137 437 2210 respiciunt
460 2137 559 2195 miseri
582 2140 661 2197 mala
684 2137 809 2196 maxima
839 2154 938 2210 saepe.
984 2140 1104 2199 Lueret.
1128 2141 1163 2199 R.
1187 2142 1224 2200 N.
1302 2122 1307 2127 ¹

1071 2241 1106 2312 4,
1134 2241 1224 2304 1159.

614 2332 704 2419 roos,

51 2470 143 2528 Non
171 2470 254 2524 sunt
275 2464 425 2524 immensis
449 2464 554 2539 opibus
578 2465 696 2523 venalia
718 2464 787 2536 fata,

54 2570 134 2631 Sed
162 2569 257 2640 rapit
279 2584 314 2626 ex
335 2575 414 2626 teoto
437 2568 522 2627 funus
541 2567 664 2626 fortuna
685 2568 813 2640 superbo

54 2673 263 2744 Indicitque
284 2688 386 2743 rogum
409 2673 527 2729 summis
557 2672 720 2744 statuitque
748 2673 924 2744 sepulcrum.
962 2670 1074 2749 ,Manu
1102 2672 1223 2732 Astron.

1113 2771 1147 2844 4,
1171 2769 1222 2833 90.

611 2870 702 2951 roeo.
1073 2852 1079 2865 '

58 2986 144 3046 Non
161 2989 272 3042 tamen
283 2982 434 3055 explemur
449 2980 518 3039 vitai
530 2981 671 3040 fructibus
683 2997 818 3054 unquam.
851 2980 970 3039 Lucret.
984 2980 1019 3039 R.
1029 2983 1064 3038 N.
1082 2977 1112 3051 3,
1131 2976 1223 3040 1007.

615 3097 707 3162 1070.

343 3206 410 3264 Non
433 3212 531 3263 tamen
554 3205 680 3287 irritum,

64 3311 297 3387 Quodcunque
320 3314 400 3367 retro
424 3314 484 3380 est,
509 3307 616 3366 efficiet
638 3325 735 3382 neque

170 3408 322 3484 Diffinget
343 3411 541 3485 infectumque
564 3407 678 3482 reddet,

249 3514 333 3586 Quod
356 3514 470 3588 fugiens
494 3517 584 3574 semel
607 3515 682 3572 hora
703 3515 797 3592 vexit
835 3513 908 3579 Hor,
932 3513 985 3571 Od.
1011 3508 1048 3585 3,
1072 3508 1127 3584 29,
1151 3512 1202 3574 45.

10 3604 53 3715 [ζ
557 3697 561 3706 ,
613 3630 703 3692 1671.

10 3720 18 3795 ι’·
63 3747 147 3806 Non
176 3755 314 3813 unquam
337 3745 492 3813 reputant,
523 3739 625 3813 quanti
655 3738 710 3798 sibi
745 3738 854 3811 gaudia
882 3742 1026 3796 constent.
1071 3736 1221 3798 inusti.

1089 3833 1126 3910 6,
1150 3836 1223 3898 365.

592 3954 595 3959 ’
612 3956 703 4020 1072.

61 4074 148 4134 Non
178 4081 262 4125 unus
285 4069 398 4124 mentes
422 4067 515 4140 agitat
536 4065 627 4124 furor.
650 4094 693 4104 -
737 4065 803 4126 inv.
828 4066 889 4125 Sat.
916 4021 973 4137 14,
997 4060 1070 4124 284.

520 4159 563 4258 s
612 4161 703 4228 1073.

343 4272 405 4332 Nos
428 4272 531 4331 anxius
555 4273 654 4332 omnia
676 4273 764 4345 cogit,

172 4375 264 4447 Quae
286 4381 411 4448 possunt
433 4374 512 4446 fieri,
535 4361 614 4434 fa'ota
635 4381 743 4449 putare
766 4375 864 4442 timor.
904 4374 956 4435 Ov.
981 4373 1052 4434 Hei.
1079 4371 1126 4445 13,
1154 4370 1222 4434 140.

124 4471 271 4519 Frommelt,
285 4469 430 4518 Florilegium
444 4470 553 4510 Latinum.
982 4505 985 4509 .
999 4475 1017 4533 9
