2978 5048
540 446 624 462 1&ssle
633 450 649 462 l·
656 450 670 461 r*
678 449 744 464 ‘'sm,

605 555 677 619 471.

77 657 211 717 Dubiam
235 660 358 718 sulutem
381 660 431 733 qui
455 659 505 718 det
528 659 660 734 efflictis,
684 671 781 738 negat.
826 667 894 726 Seu.
918 666 989 727 Oed.
1014 663 1084 726 213.

607 779 679 842 472.

326 881 426 941 Dubia
447 884 514 956 plus
536 889 678 959 torquent
699 890 785 948 mela.
830 888 898 949 Seu.
921 889 1023 963 Aram.
1047 886 1119 953 420.

605 1002 676 1066 473.

324 1107 424 1165 Dubia
445 1123 500 1180 pro
525 1111 613 1167 certis
637 1113 735 1170 solent

67 1209 194 1267 Timere
215 1225 309 1282 reges.
333 1238 366 1248 -
419 1210 487 1270 Seu.
512 1211 584 1270 Oed.
609 1208 681 1274 699.
715 1212 718 1217 ’

600 1330 672 1405 411.
753 1314 757 1320 ’
857 1408 862 1421 .

336 1434 478 1492 Decimus
500 1442 597 1496 eutem

70 1538 134 1596 Hcs
159 1553 278 1612 quoque
294 1537 416 1629 1311133,
441 1538 490 1612 qui
513 1538 591 1597 ferre
613 1541 799 1600 incommode
820 1543 897 1620 uitae

75 1642 138 1701 Nec
156 1644 273 1714 jactare
291 1642 393 1713 ι11131111]
416 1641 476 1700 vita
498 1642 628 1702 didicere
651 1646 800 1718 magistra.
845 1647 911 1705 Juv.
936 1647 997 1723 Set.
1024 1643 1078 1719 13,
1107 1643 1157 1706 29.

597 1759 669 1821 475.

68 1863 167 1922 Ducis
192 1863 222 1922 in
247 1864 371 1923 consilio
393 1865 492 1936 posite
514 1871 559 1923 est
580 1865 673 1925 virtus
696 1868 829 1926 militum.
873 1871 907 1929 P.
931 1871 996 1943 syr.

598 1980 670 2046 476.

63 2087 202 2147 Ducitur
223 2103 340 2161 semper
361 2103 437 2147 nova
458 2104 567 2163 pompa
588 2089 690 2150 Morti.
739 2091 807 2152 Seu.
832 2093 904 2152 Oed.
924 2088 994 2150 126.

596 2204 669 2266 477.

62 2310 168 2370 Dulce
191 2314 238 2368 est
260 2308 395 2383 desipere
417 2312 449 2370 in
471 2313 544 2372 loco.
589 2313 661 2374 Hor.
686 2313 739 2373 Od.
762 2311 796 2387 4,
822 2310 878 2386 12,
898 2311 948 2374 28.

598 2425 670 2491 478.

42 2534 168 2594 Dulce
192 2539 223 2592 et
244 2533 383 2592 decorum
407 2538 453 2592 est
473 2550 528 2606 pro
550 2536 649 2608 patria
670 2537 755 2596 mori.

63 2637 155 2697 Mors
179 2642 210 2694 et
230 2636 362 2710 fugacem
384 2638 575 2712 persequitur
595 2639 690 2697 virum

156 2741 221 2798 Nec
242 2741 340 2814 parcit
362 2740 488 2799 imbellis
512 2742 648 2814 juventae

225 2843 393 2917 Poplitibus
407 2843 578 2920 ⁴timidoque
600 2850 694 2917 tergo.
739 2844 811 2902 Hor.
835 2844 889 2904 Od.
913 2839 949 2916 3,
974 2841 1011 2916 2,
1036 2842 1083 2904 13.

597 2960 668 3022 479.

59 3069 165 3128 Dulce
188 3069 264 3126 mori
284 3067 418 3136 miseris,
443 3065 495 3124 sed
516 3084 594 3126 mors
619 3074 721 3140 optata
743 3069 871 3127 recedit:

154 3170 196 3228 At
223 3188 287 3229 cum
321 3171 415 3229 tristis
450 3171 519 3239 erit,
554 3173 755 3244 praecipitata
787 3173 875 3230 veuit.
928 3170 1016 3228 Corn.
1054 3171 1128 3230 Gall.
1159 3172 1194 3238 (l)

831 3318 834 3325 .
941 3259 1036 3347 'Eleg.
1063 3272 1094 3344 1,
1126 3270 1195 3333 115.

595 3388 667 3454 489.

56 3499 178 3560 Dulcia
200 3515 259 3557 nou
280 3498 414 3557 ierimus:
438 3513 526 3555 succo
549 3490 725 3557 renovamur
747 3512 856 3556 amero.
902 3495 955 3556 Ov.
971 3494 1007 3556 A.
1022 3495 1057 3558 Α.
1076 3493 1104 3569 3,
1124 3491 1195 3558 583.

593 3611 666 3678 481.

58 3721 216 3783 Dulcibus
239 3725 284 3778 est
305 3717 402 3777 verbis
424 3719 521 3776 mollis
545 3720 667 3780 alendus
691 3737 782 3781 amor.
828 3683 880 3781 Oi.
904 3720 940 3778 A.
963 3718 998 3778 A.
1023 3715 1056 3789 2,
1083 3717 1152 3778 152.

595 3853 668 3914 482.

55 3963 173 4025 Dulcis
196 3961 358 4034 inexpertis
383 3962 498 4020 culture
518 3962 646 4034 potentis
670 3963 773 4020 amici:

55 4070 219 4140 Expertus
242 4065 354 4123 metuit.
399 4065 460 4134 Tu,
484 4063 551 4121 dum
574 4071 626 4122 tue
648 4064 731 4122 navis
753 4065 784 4122 in
807 4066 868 4123 alic
891 4071 946 4135 est,
1048 4078 1054 4090 ·

55 4173 134 4232 Hoc
157 4184 226 4240 age,
249 4185 285 4227 ne
307 4173 420 4226 mutate
442 4172 603 4226 retrorsum
626 4172 656 4249 te
678 4167 753 4226 feret
775 4185 856 4226 aura.

56 4273 203 4336 Oderunt
224 4271 347 4330 hilarem
369 4271 470 4330 tristes
486 4273 660 4344 tristemque
677 4272 783 4345 Joccsi

53 4375 210 4469 sedatum
233 4377 363 4446 celerem
386 4376 490 4448 agilem
513 4391 696 4451 gnavumque
719 4375 843 4434 remissi.
876 4377 949 4435 Hor.
961 4375 1019 4449 Ep.
1035 4371 1061 4445 1,
1076 4370 1125 4447 18,
1142 4371 1192 4434 86.
