2978 5048
636 372 841 474 Qum„

172 555 282 615 (iccasio
306 557 347 628 [cf.
367 557 460 614 Casus.
483 558 587 613 Fatum.
619 558 747 613 Fortuna.
786 558 916 614 Secunda.
953 557 1097 628 Tempus]:
1126 573 1193 614 rara
1217 564 1263 615 εει
1281 565 1310 615 ει

377 644 457 699 iacile
489 645 561 713 perit
588 643 647 699 382.
684 642 759 698 1747.
794 644 871 699 2278.
907 644 988 700 2407ε
1023 646 1064 699 uti
1091 644 1139 699 illa
1172 652 1311 700 memento

377 730 453 785 2278.
490 731 566 785 2391.
601 729 677 784 2497.

174 812 263 873 (leniit
286 813 365 870 facile
386 817 533 873 laeduntur
559 816 623 872 495:
649 817 780 887 majorem
804 814 915 871 auribus
941 816 970 871 in
991 816 1107 871 animum
1130 815 1186 870 vim
1204 815 1314 871 habent

378 903 453 959 2349.
489 902 573 958 2405:
602 903 688 958 oculis
713 903 797 969 magis
827 917 905 970 quem
934 902 1045 957 auribus
1067 901 1239 957 credendum
1267 908 1311 956 est

378 988 460 1043 1632:
487 989 555 1044 nihil
582 988 687 1057 rident,
716 989 778 1042 dum
803 988 908 1042 animus
926 988 953 1044 in
972 989 1033 1043 aliis
1052 988 1134 1043 rebus
1157 994 1313 1056 occupatus

378 1081 422 1130 εει
439 1074 502 1130 199;
520 1077 549 1132 in
567 1091 659 1130 amore
679 1075 762 1129 duces
780 1079 845 1128 sunt
861 1073 938 1130 2049.
974 1074 1050 1128 2473.

166 1155 270 1227 ¹(ldirun
298 1159 340 1228 [ci.
364 1161 475 1216 Invidia
511 1162 581 1232 lra]:
609 1162 757 1231 asperitate
782 1160 915 1229 bellisque
943 1167 1067 1215 moretur
1095 1161 1159 1215 101:
1190 1160 1313 1215 assiduis

381 1247 499 1316 querelis
510 1249 646 1303 interdum
661 1248 768 1302 exsistit
787 1246 849 1299 104:
867 1247 981 1302 veritate
998 1246 1208 1301 nascitur1030.
1228 1246 1311 1301 1411:

380 1333 435 1388 odii
454 1335 558 1390 semina
574 1335 602 1389 in
620 1335 703 1389 tacito
723 1348 805 1401 saepe
824 1332 898 1387 vultu
912 1332 1005 1387 meunt
1021 1333 1103 1386 2313:
1121 1347 1218 1402 regem
1232 1332 1314 1388 decet

379 1420 470 1475 odium
488 1435 566 1474 suum
584 1421 739 1489 opprimere
757 1418 840 1473 2273:
868 1419 989 1488 quisquis
1014 1419 1092 1473 nimis
1111 1418 1206 1473 odium
1225 1420 1314 1488 timet,

379 1521 494 1576 regnare
512 1505 600 1560 nescit
617 1505 697 1559 1761:
716 1521 801 1574 regna
817 1504 974 1574 pessumdat
990 1504 1071 1558 1031:
1091 1521 1172 1574 quem
1191 1506 1311 1575 quisque

378 1593 488 1662 metuit,
508 1591 566 1647 odit
582 1591 651 1646 2064
673 1597 701 1646 ει
717 1592 833 1660 periisse
852 1591 927 1660 cupit
943 1591 1020 1646 2063.

175 1673 302 1733 (ilicium
328 1676 369 1747 [cl.
388 1677 533 1732 Beneficia.
568 1677 683 1733 Donum.
720 1678 816 1733 Studia
833 1677 871 1747 1]:
895 1677 969 1746 iungi
991 1692 1040 1732 suo
1059 1691 1195 1746 quemque
1217 1675 1311 1733 officio

380 1771 490 1833 oportet
508 1764 582 1818 1063.
619 1764 694 1820 1253.
732 1764 811 1818 1679:
835 1765 882 1832 qui
899 1764 950 1817 nisi
968 1763 1120 1817 admonitus
1139 1761 1236 1818 officio
1256 1781 1312 1819 non

378 1850 512 1920 iungitur,
537 1851 677 1918 improbus
701 1846 744 1906 'est
772 1850 854 1904 1521:
883 1850 1011 1905 celeriter
1039 1849 1240 1918 praestandum
1267 1858 1313 1907 εει

174 2018 255 2079 (llere
274 2022 315 2091 [ci
334 2022 492 2093 Munditio1:
517 2023 584 2078 nihil
608 2025 684 2081 olere
701 2028 825 2094 praestat
843 2037 922 2092 quam
940 2021 1009 2076 beno
1028 2020 1102 2078 olere
1122 2021 1207 2077 1217:
1236 2022 1312 2077 bene
1348 2031 1356 2038 ·

379 2124 489 2178 semper
506 2109 581 2164 olera
601 2117 643 2166 εει
660 2110 730 2165 mole
749 2111 824 2165 olere
842 2107 899 2162 852.

174 2192 268 2250 illivs:
287 2193 373 2249 olivae
392 2210 483 2250 ramus
502 2225 533 2235 ·-
552 2197 628 2264 pacis
646 2197 751 2264 signum
770 2226 802 2236 -
821 2197 849 2250 in
867 2194 948 2248 bellis
966 2192 1039 2247 utilis
1057 2191 1098 2247 16.

174 2278 249 2337 (inus
267 2280 309 2349 [ci.
327 2279 427 2336 Labor.
462 2281 557 2350 Malo]:
576 2281 649 2349 quod
667 2282 737 2337 bene
755 2282 856 2351 fertur,
874 2283 934 2336 leve
953 2294 1022 2333 onus
1039 2276 1071 2332 fit
1088 2276 1164 2330 1126.

174 2365 242 2440 (ipos
266 2364 309 2435 [cf.
334 2367 500 2422 Auctoritas.
536 2367 664 2423 Pecunic.
699 2367 855 2437 Potestas]:
878 2366 975 2436 opibus
1000 2363 1096 2418 divites
1114 2363 1167 2417 soli
1186 2364 1313 2431 praediti

378 2458 442 2507 sunt
459 2453 518 2508 962.
554 2454 634 2509 1825:
659 2455 756 2523 opibus
774 2453 905 2508 utendum
930 2458 974 2506 est
990 2450 1074 2505 2739:
1097 2464 1214 2518 magnae
1245 2465 1315 2520 opes

378 2540 407 2594 in
425 2538 578 2595 discrimine
597 2556 706 2609 semper
727 2544 870 2594 versantur
895 2536 978 2591 1175:
1005 2550 1118 2606 magnae
1142 2550 1215 2605 opes
1235 2542 1314 2592 totos

381 2631 409 2680 ct
428 2640 541 2681 securos
558 2627 677 2682 reddunt
693 2626 817 2681 homines
836 2624 910 2679 1196.
946 2623 1023 2680 2697.

174 2708 285 2784 Opinio:
304 2708 338 2765 cf.
357 2709 506 2767 Sententia.
803 2698 811 2715 ’

175 2795 321 2871 Oppidum:
339 2797 373 2852 of.
390 2795 471 2852 Urbs.

174 2883 338 2958 optimates:
357 2880 390 2939 ci.
409 2883 549 2938 Potentes.

174 2969 247 3046 (lpus
270 2971 312 3040 [cf.
333 2968 433 3025 Labor.
469 2968 565 3024 studia
581 2969 620 3038 l]:
647 2983 726 3023 suum
744 2968 858 3038 quisque
876 2982 946 3036 opus
964 2972 1057 3022 tuetur
1075 2966 1229 3038 laudatque
1250 2971 1310 3025 129.

380 3054 455 3109 1115.
491 3054 572 3109 2213:
599 3055 681 3124 longo
706 3055 784 3122 operi
807 3069 930 3110 somnum
954 3052 1089 3122 obrepere
1107 3052 1148 3106 ies
1167 3060 1215 3108 est
1233 3055 1311 3110 2799.

175 3143 282 3201 litatio:
300 3142 334 3198 ci.
352 3145 456 3197 Sermo.

174 3228 209 3287 (is
233 3227 276 3299 [cl.
303 3229 416 3299 corpus.
452 3227 555 3284 Sermo.
591 3226 710 3296 Species.
746 3227 815 3283 Vox.
849 3227 972 3297 Vultus]:
998 3241 1030 3283 οε
1052 3226 1154 3280 niutum
1178 3225 1249 3282 facti
1272 3228 1313 3282 in·

381 3313 440 3368 dice
459 3319 535 3368 caret
554 3313 628 3367 1852.

175 3400 279 3475 litium,
300 3399 384 3470 Quies
409 3399 450 3469 [ci
470 3398 573 3454 Ludus.
608 3399 675 3454 Pax.
710 3398 852 3470 Somnus]:
882 3400 1016 3456 interdum
1034 3397 1144 3454 salubre
1164 3405 1197 3454 et
1214 3415 1313 3456 neces·

379 3487 480 3541 sarium
498 3491 541 3540 εει
566 3485 626 3540 253.
662 3485 721 3540 283.
757 3485 821 3540 363:
849 3487 920 3542 vires
943 3486 1034 3543 reddit
1051 3486 1161 3554 corpori
1181 3493 1213 3542 ει
1230 3493 1315 3557 auget

377 3573 436 3629 253.
472 3571 549 3628 2207.
584 3571 665 3626 2836:
683 3572 769 3626 virtus
786 3578 851 3640 post
868 3573 924 3628 otia
940 3574 1028 3642 major
1045 3572 1130 3628 2836:
1147 3575 1245 3640 poetis
1264 3589 1313 3629 ne·

380 3660 529 3715 cessarium
555 3658 615 3712 199.
651 3655 716 3711 199:
744 3658 799 3711 vita
822 3659 911 3712 otiosa
932 3665 960 3713 ει
977 3659 1069 3727 quieta
1086 3657 1249 3713 felicissima
1269 3666 1314 3714 est

380 3747 443 3801 160:
472 3746 518 3816 qui
542 3745 582 3799 uti
606 3744 662 3799 otio
685 3744 786 3811 nescit,
811 3759 934 3813 magnum
957 3745 980 3798 is
999 3759 1067 3800 onus
1086 3745 1208 3800 sustinet
1226 3744 1313 3800 1856:

380 3832 499 3900 [nimium
517 3832 611 3901 otium]
637 3845 736 3900 corpus
760 3832 908 3899 corrumpit
933 3830 983 3884 241
1011 3837 1038 3884 ει
1053 3831 1194 3900 ingenium
1213 3832 1315 3886 minuit

379 3917 444 3972 961:
463 3918 583 3987 [nimium
600 3918 694 3987 otium]
713 3917 812 3971 multos
830 3922 858 3971 ει
875 3916 960 3970 multa
976 3915 1095 3985 perdidit
1113 3915 1190 3971 1857.
1225 3918 1313 3972 2794:

378 4004 480 4059 variam
496 4010 614 4058 mentem
632 4005 689 4060 otia
707 4005 772 4059 dant
788 4002 870 4058 276οε
894 4017 960 4058 cura
977 4003 1075 4071 quietis
1093 4003 1204 4058 inimica
1223 4005 1314 4061 1463:

379 4105 461 4160 saepe
480 4091 622 4145 simulatur
640 4091 716 4160 quies
741 4092 773 4145 1:
796 4105 894 4145 secura
916 4090 993 4158 quiea
1010 4089 1104 4157 paucis
1124 4089 1313 4147 datur1682:

377 4178 544 4247 pauperibus
571 4186 668 4233 secura
691 4179 768 4246 quies
795 4183 838 4233 est
861 4177 920 4233 245.
955 4175 1039 4230 2265:
1076 4175 1206 4231 divitibus
1230 4180 1311 4248 quies

378 4280 434 4319 non
452 4272 495 4319 est
512 4263 575 4318 142:
594 4262 656 4318 vino
675 4263 761 4333 quies,
780 4265 862 4318 etiam
878 4262 994 4329 miseris,
1010 4259 1122 4316 affertur
1139 4262 1210 4334 156,
1229 4279 1313 4321 senes

379 4351 435 4407 otio
452 4350 557 4420 perfrui
575 4349 655 4404 decet
674 4349 718 4405 19.
835 4354 845 4369 ·
