2978 5048
640 417 846 433 -ststflnsxnssnf

381 519 478 576 studiis
504 518 644 574 literarum
661 525 691 575 et
708 519 833 574 doctrina
849 519 983 574 excolitur
1000 519 1040 575 12.
1077 521 1118 576 99.
1148 521 1210 594 aaa
1234 525 1309 582 1003:

353 680 356 684 ι
384 608 473 663 animo
493 605 595 675 [menti]
616 622 661 661 res
678 608 874 677 proponendae
888 615 960 678 sunt,
978 609 1076 678 quibus
1087 610 1134 664 ille
1148 611 1214 682 [illa]
1234 629 1309 668 oocu-

382 693 532 763 petur268.
557 692 621 747 370:
640 694 724 748 otium
743 707 775 748 ac
793 696 926 750 recreatio
946 696 1034 749 animo
1055 697 1159 766 [menti]
1178 699 1311 754 interdum

382 779 540 835 necessaria
558 785 622 834 sunt
639 779 697 833 941.
734 779 816 833 2449:
834 781 1101 850 peregrinationibus
1119 799 1176 838 nou
1193 790 1311 840 mutatm

381 868 448 920 261:
476 871 604 932 respectu
629 865 740 920 honesti
765 867 881 920 animum
901 867 1036 936 [mentem-l
1062 870 1186 923 coerceri
1204 877 1313 938 oportet

381 952 445 1006 210:
463 951 551 1019 gloria
568 950 658 1004 animo
678 952 780 1020 [menti]
799 953 871 1007 vires
890 950 936 1006 dat
952 952 1011 1006 388.
1039 953 1103 1007 669:
1122 954 1205 1008 animi
1223 962 1312 1012 motus

382 1036 551 1092 abscondere
565 1035 674 1091 difficile
684 1042 727 1091 est
741 1035 806 1090 244:
825 1044 907 1104 prout
924 1039 1056 1107 cujusque
1074 1041 1247 1096 conscicntia
1264 1049 1313 1111 est,

382 1125 421 1179 ita
439 1123 519 1178 animi
537 1127 627 1177 motus
645 1128 674 1177 et
692 1136 789 1177 sensus
807 1124 876 1177 varii
894 1130 958 1178 sunt
975 1124 1040 1178 ata:
1061 1125 1192 1181 lacrimae
1210 1128 1313 1196 optima

382 1211 464 1264 animi
482 1209 570 1264 nostri
588 1222 652 1276 pars
671 1209 752 1262 1103:
772 1209 854 1262 animi
870 1211 929 1277 pari
939 1215 1030 1264 aetate
1039 1210 1224 1267 comodisntur
1233 1213 1312 1268 1864:

382 1297 532 1351 animorum
556 1294 714 1362 conjunctio
742 1294 894 1349 arctissima
919 1302 963 1349 est
988 1295 1053 1349 271:
1081 1297 1164 1350 animi
1192 1297 1312 1367 [monus]

380 1381 488 1436 indoles
506 1381 534 1434 in
553 1379 707 1434 bominibus
726 1381 840 1434 maxime
858 1381 933 1434 varia
951 1387 994 1434 est
1007 1381 1167 1450 eamquead
1178 1384 1314 1438 rationem

380 1468 420 1522 illi
438 1465 573 1521 tractandi
592 1467 668 1520 1264.
705 1466 780 1520 1598.
817 1465 892 1520 1672.
928 1465 1010 1520 ulau:
1036 1467 1155 1521 animum
1175 1469 1313 1539 [mentem]

381 1554 500 1622 sapiens,
518 1551 566 1607 ubi
584 1567 653 1619 opus
673 1556 724 1621 est,
742 1551 854 1606 flectere
872 1567 927 1606 non
947 1556 990 1607 est
1007 1553 1115 1606 nescius
1134 1553 1218 1608 1068:
1238 1570 1314 1610 mens

381 1653 448 1692 sana
464 1639 493 1692 in
512 1651 627 1706 corpore
645 1653 714 1692 sano
732 1637 813 1691 1847:
842 1651 977 1705 generosa
993 1652 1071 1692 mens
1087 1637 1170 1693 facile
1189 1647 1315 1696 movetur

379 1725 444 1778 6302
462 1723 537 1778 bona
553 1737 629 1777 meus
648 1722 756 1790 plurimi
774 1722 1092 1778 aestimandaest1248:
1111 1725 1201 1780 malae
1215 1729 1315 1782 mentis

381 1823 464 1862 causa
482 1810 510 1862 in
531 1822 696 1876 unoquoque
715 1808 775 1877 ipso
793 1815 838 1862 est
862 1809 943 1864 1252:
969 1809 1067 1864 malam
1085 1816 1205 1865 mentem
1226 1814 1316 1867 omnia

380 1909 556 1962 corrumpere
575 1898 692 1961 possunt
712 1893 787 1947 1806:
810 1895 897 1950 mulae
914 1895 1012 1949 mentis
1031 1895 1159 1950 indicium
1176 1896 1253 1951 mala
1266 1897 1315 1951 lin·

382 1994 436 2048 gua
454 1985 497 2034 est
514 1979 590 2033 1188.

175 2075 285 2133 Annus:
304 2077 337 2133 oi.
356 2079 448 2136 Aetas.
483 2081 557 2136 Dies.
593 2083 720 2150 Tempus.
757 2080 827 2136 Vita.

175 2161 255 2235 Aqua
274 2162 456 2232 [cantamen.
484 2167 569 2221 Mare.
597 2165 701 2237 Unda]:
720 2182 786 2222 usus
805 2180 934 2235 aquarum
952 2167 1101 2221 communis
1113 2166 1197 2221 2118:
1217 2183 1317 2237 aquam

382 2252 488 2307 dulcem
506 2267 619 2320 eamque
637 2268 672 2306 ex
690 2252 765 2308 fonte
783 2252 878 2306 bibere
897 2252 1085 2307 suavissimum
1103 2257 1147 2306 est
1168 2252 1231 2307 541.
1259 2255 1316 2308 787.

382 2338 456 2392 1370.
495 2338 575 2392 1410:
603 2353 690 2407 aquae
709 2344 789 2407 potus
813 2352 896 2406 saepe
915 2337 1083 2406 gratissimus
1100 2336 1161 2392 816.

176 2435 279 2508 Ardor,
308 2437 429 2514 Impetus
449 2440 492 2509 [cf.
511 2440 607 2495 Furor.
644 2441 713 2510 Ital:
742 2439 859 2496 difficilis
878 2440 953 2495 aditu
972 2446 1014 2495 est
1029 2439 1093 2493 tal:
1120 2439 1317 2498 adolescentes

382 2525 508 2581 ardorem
526 2541 605 2581 suum
625 2527 771 2595 [impetum]
791 2541 886 2595 regere
912 2527 1037 2596 plerique
1063 2532 1206 2595 nequeunt
1235 2527 1315 2584 1097:

381 2611 517 2680 regendus
535 2618 578 2668 est
594 2612 654 2666 270.
681 2611 741 2666 408.

175 2694 343 2768 Argentum:
362 2697 395 2751 cf.
413 2697 541 2752 Pecunia.

175 2780 259 2837 Arma
278 2781 319 2850 [cf.
338 2783 470 2851 Bellum]:
495 2781 564 2836 alins
589 2779 649 2835 aliis
668 2781 754 2835 utitur
772 2781 852 2835 armis
876 2779 941 2834 681:
965 2780 1074 2836 diverso
1099 2779 1216 2837 consssio
1240 2784 1314 2852 capi·

382 2874 465 2922 untur
483 2866 548 2920 572:
578 2881 652 2920 arma
669 2867 773 2920 tenenti
789 2867 864 2936 Justa
882 2882 983 2934 negare
1001 2867 1185 2935 periculosum
1205 2873 1252 2923 est
1268 2869 1315 2922 91:

382 2955 410 3008 in
430 2959 549 3006 armatos
568 2966 675 3006 sumere
694 2951 759 3005 licet
777 2951 824 3006 90:
843 2952 921 3005 iratis
940 2951 1080 3022 eripienda
1097 2953 1240 3008 sumansu:
1259 2954 1314 3022 pri-

381 3054 494 3107 usquam
513 3038 594 3092 armis
612 3037 706 3105 utaris,
725 3037 814 3092 omnia
833 3037 951 3106 experiri
969 3041 1104 3093 memento
1123 3037 1203 3093 1898.
1231 3037 1315 3093 atta:

382 3124 489 3194 puellas
508 3139 562 3177 non
581 3122 661 3177 decet
684 3137 758 3176 arma
776 3137 871 3191 gerere
888 3121 971 3177 2200:
999 3123 1080 3178 armis
1097 3124 1185 3191 primu
1204 3125 1316 3180 urendi

381 3210 452 3265 ratio
471 3214 582 3277 reperta
600 3213 642 3262 est
659 3207 724 3262 685:
743 3224 878 3263 armorum
896 3208 1065 3277 principatus
1083 3208 1160 3264 1091.

107 3291 112 3301 ’
175 3307 243 3365 Ars:
263 3327 316 3378 qua
334 3314 440 3367 ratione
459 3318 525 3365 nata
543 3313 578 3365 sit
596 3310 676 3363 1929:
703 3310 803 3378 ubique
822 3310 967 3365 adhibetur
990 3311 1031 3365 96.
1061 3310 1107 3364 97:
1133 3311 1161 3365 iu
1188 3313 1315 3379 quemvis

382 3398 472 3453 locum
490 3403 617 3466 penetrat
634 3395 715 3450 2337:
751 3397 842 3450 multis
861 3397 948 3451 solum
965 3397 1157 3465 patrimonium
1174 3395 1224 3451 95:
1245 3414 1314 3452 nun-

382 3499 462 3553 quam
481 3483 584 3538 deserit
601 3483 725 3539 homines
743 3481 812 3536 434:
837 3489 910 3538 artes
928 3482 1019 3538 umiae
1044 3487 1108 3536 suat
1132 3481 1217 3536 1417:
1237 3497 1316 3538 suam

381 3569 497 3637 quisque
524 3574 611 3623 artem
636 3575 765 3623 exerceat
792 3567 867 3624 1834.
903 3568 987 3624 9059τ
1005 3567 1230 3636 ‘suaequisque
1261 3571 1316 3624 arti

381 3653 474 3709 studet
491 3653 575 3709 2345:
598 3654 626 3708 in
650 3660 761 3709 assueta
778 3658 837 3708 arte
855 3659 962 3722 tempus
981 3652 1155 3722 studiumque
1173 3654 1317 3710 collocare

377 3739 457 3808 juvat
472 3739 555 3794 2345:
584 3741 629 3808 qui
648 3740 761 3794 eandem
779 3745 863 3794 amem
883 3744 994 3807 tractat,
1020 3745 1150 3809 acceptus
1169 3739 1255 3795 nobis
1274 3746 1318 3795 est

380 3824 461 3878 2303:
479 3825 558 3881 virile
576 3842 662 3896 genus
680 3828 708 3881 in
727 3831 785 3880 arte
803 3831 927 3894 praestat
945 3825 1020 3880 1155.

152 3951 154 3954 ·
174 3927 257 3984 Artos
274 3925 426 3998 ingenuae:
445 3925 478 3981 ci.
497 3927 594 3982 Studia
610 3928 757 3983 literarum.

175 4010 316 4069 Antiflces:
334 4013 396 4068 solo
415 4028 467 4068 usu
483 4013 603 4068 evadunt
620 4013 697 4068 2504.

174 4097 332 4172 Asperitas:
351 4098 441 4153 odium
459 4100 560 4155 excitat
578 4099 635 4153 101.

175 4184 273 4242 Astra:
293 4184 324 4238 ci.
345 4184 551 4251 Immortalites,
569 4184 671 4240 Sidera.

174 4272 293 4337 Auctor:
313 4284 382 4346 opus
400 4285 478 4325 suum
496 4269 608 4329 laudare
626 4271 698 4326 solet
715 4271 772 4327 lua
