2978 5048
735 327 940 432 „aa

788 522 883 585 2665.

674 629 738 689 Tua
762 631 788 690 si
810 630 889 690 bona
910 629 1009 688 nescis

357 730 500 805 Servare,
523 729 635 792 frustra
655 733 747 794 elaris
769 734 848 794 inest
873 730 996 792 foribus.
1041 730 1107 793 Tib.
1131 724 1217 805 breg.
1243 728 1278 805 1,
1298 726 1326 812 6,
1346 725 1440 788 33.

787 845 883 911 2666.

271 954 411 1015 Tadeos
433 953 535 1027 potius
558 969 762 1029 comprecare:
789 969 857 1012 nam
879 954 934 1014 tibi
958 969 1009 1041 eos
1032 959 1114 1014 oerto
1137 955 1200 1014 seio

272 1057 338 1131 Quo
361 1060 406 1119 vir
427 1058 533 1116 melior
554 1059 647 1117 multo
670 1073 702 1117 es
725 1073 812 1131 quam
834 1072 888 1130 ego
911 1056 1168 1132 obtemperaturos
1191 1058 1293 1128 narb.
1335 1056 1448 1117 Tar.

1253 1158 1308 1220 Ad.
1332 1154 1384 1214 to
1402 1155 1449 1218 «i.

787 1273 884 1340 2667.

520 1382 583 1454 Tu,
607 1382 675 1443 dum
697 1387 751 1443 tua
772 1383 856 1443 naris
878 1383 911 1441 in
933 1383 995 1443 alto
1018 1387 1073 1455 est,

273 1485 339 1545 Hoc
362 1501 426 1558 age,
450 1499 488 1543 ne
509 1490 623 1546 mutata
643 1490 805 1546 retrorsum
827 1491 858 1546 te
879 1484 957 1546 ierat
977 1502 1059 1546 aura.
1080 1484 1155 1546 Hor.
1172 1485 1231 1560 Ep.
1251 1482 1277 1557 1,
1294 1478 1405 1556 183
1420 1485 1463 1549 7.

793 1599 888 1667 2668.

276 1708 321 1767 Tu
343 1707 437 1767 levior
458 1705 547 1778 foliis,
570 1712 641 1766 tuno
663 1724 729 1767 oum
751 1708 817 1769 sine
838 1709 972 1783 pondere
994 1707 1076 1768 aucei

357 1809 519 1869 Mobilibus
542 1809 637 1869 ventis
660 1811 747 1872 arida
767 1811 847 1872 iaota
867 1814 983 1873 volant:

201 1973 208 1985 ,
273 1913 315 1973 Et
336 1913 434 1972 minus
456 1918 503 1972 est
524 1913 555 1972 in
576 1919 606 1973 to
629 1930 716 1988 qnam
738 1914 770 1974 in
793 1932 907 1976 summa
927 1912 1044 1989 pondus
1067 1913 1170 1984 arista,

357 2016 440 2089 Quae
461 2016 535 2075 levis
559 2017 687 2077 assiduis
709 2017 821 2080 solibus
843 2024 911 2079 usta
932 2021 1017 2092 riget
1063 2015 1114 2076 Or.
1137 2016 1209 2077 Her.
1233 2011 1264 2086 5,
1288 2009 1360 2073 109.

786 2129 882 2198 2669.

520 2240 579 2311 Tu,
603 2239 768 2313 Maximus,
791 2242 843 2300 ille
865 2255 898 2300 es

270 2341 369 2415 Unus,
394 2342 445 2416 qui
467 2342 554 2403 nobis
577 2343 744 2404 cunctando
766 2343 899 2404 restituis
922 2358 993 2402 rem.
1038 2343 1119 2416 Virg.
1143 2341 1218 2401 Aen.
1242 2335 1272 2412 6,
1296 2334 1364 2398 846.

790 2457 886 2520 2670.

272 2568 346 2627 Tum
369 2567 497 2642 denique
520 2567 655 2626 homines
678 2570 782 2626 nostra
803 2566 997 2639 intelligimus
1019 2565 1107 2636 bona,

271 2669 360 2743 Cum,
385 2687 461 2746 quae
482 2669 513 2730 in
536 2675 685 2744 potestate
714 2669 882 2740 habuimus,
912 2685 950 2730 ea
978 2669 1139 2729 amisimus.
1183 2667 1283 2727 Plaut.
1312 2664 1387 2738 cept

1235 2766 1269 2844 1,
1294 2763 1332 2842 2,
1354 2767 1398 2831 99.

787 2886 883 2954 2671.

194 3069 224 3092 .·
274 2996 347 3054 Tum
369 3010 441 3054 uero
461 3011 548 3055 omne
569 2995 642 3055 mihi
663 2996 758 3055 uisum
780 3002 826 3055 est
848 2993 1005 3054 considere
1026 2993 1057 3052 in
1078 2994 1161 3067 ignes

274 3099 360 3158 Ilium
383 3104 413 3158 et
435 3114 471 3158 ex
492 3099 552 3157 imo
576 3098 650 3157 verti
671 3099 823 3172 Neptunia
844 3098 943 3171 Troia
988 3097 1070 3168 virg.
1092 3095 1168 3155 Aen.
1191 3089 1227 3172 2,
1250 3089 1328 3158 624.

786 3229 882 3294 2672.

219 3414 222 3421 ¹
273 3341 357 3398 Tune
378 3338 483 3397 melius
506 3344 632 3397 tenuere
653 3336 757 3409 fidem,
780 3353 845 3397 cum
867 3351 999 3410 paupere
1023 3337 1104 3396 cultu

360 3441 464 3502 Stabat
484 3441 516 3500 in
539 3441 645 3516 exigua
665 3441 778 3514 ligneus
801 3439 875 3499 aede
899 3438 980 3499 dens.
1025 3439 1091 3501 Tib.
1113 3438 1198 3513 Eleg.
1226 3435 1254 3511 1,
1281 3436 1335 3512 16,
1362 3438 1410 3504 19.

789 3552 882 3618 2673.

276 3664 321 3722 Tu
344 3678 382 3722 no
404 3662 477 3722 aede
499 3664 603 3736 malis,
625 3663 679 3724 sed
701 3667 807 3723 contra
828 3661 985 3723 audentior
1006 3661 1058 3734 ito,

277 3765 370 3838 Quam
394 3772 447 3826 tua
468 3771 497 3825 te
519 3764 638 3827 fortuna
659 3768 747 3827 sinet
773 3797 810 3808 ·-
855 3758 940 3839 Virg.
961 3765 1036 3826 Aen.
1060 3758 1095 3837 6,
1118 3757 1170 3826 95.

788 3878 884 3944 2674.

275 3990 320 4049 Tu
343 4006 381 4049 ne
404 3991 578 4064 quaesieris,
601 3991 679 4052 seire
701 3988 799 4062 nefas,
822 4005 909 4063 quem
932 3987 1021 4060 mihi,
1046 4004 1131 4062 quem
1154 3987 1208 4048 tibi

274 4093 379 4152 Finem
403 4093 433 4152 di
455 4093 600 4155 dederint.
623 4122 666 4134 -
708 4095 782 4155 Hor.
806 4093 861 4154 Od.
888 4090 918 4169 1,
944 4088 1000 4164 11,
1025 4086 1052 4152 1.

787 4224 885 4292 2676.

273 4333 319 4392 Tu
341 4333 417 4392 nibil
438 4333 576 4394 admittes
597 4335 629 4394 in
650 4337 681 4394 te
704 4331 861 4393 tormidine
882 4347 1007 4406 poenae.
1043 4330 1117 4390 Hor.
1140 4329 1198 4404 sp.
1228 4329 1256 4406 1,
1284 4329 1337 4408 16,
1361 4331 1412 4395 53.
