2978 5048
710 295 774 359 202

640 383 847 401 ΑΛΛΛΛΛΛΜ

691 459 785 554 aaut.

429 598 617 671 Summisque
639 603 777 671 negatum
891 679 893 683 Ι

119 736 121 738 v
180 701 266 761 Stare
290 700 349 760 diu.
373 729 415 742 -
459 702 571 761 Lucan.
595 701 700 760 Phars.
728 697 761 772 1,
786 697 836 759 70.

691 817 786 880 2565.

177 925 336 995 Summum,
361 925 458 995 crede,
484 925 566 984 nefas
591 925 718 985 animam
741 926 893 1000 praeferre
908 926 1026 1000 pudori.
1054 927 1119 986 Juv.
1135 927 1206 998 Sat,
1222 922 1253 998 8,
1273 921 1323 983 83.

693 1040 788 1107 2566.

178 1149 327 1208 Summum
350 1165 405 1208 uec
427 1150 644 1237 metuas'diem
667 1166 723 1209 uec
745 1155 840 1224 optes
869 1151 959 1209 Mart.
981 1151 1084 1226 Epigr.
1104 1130 1163 1222 Ι10,
1190 1145 1245 1219 47,
1274 1145 1322 1206 13.

693 1263 786 1328 2567.

179 1375 253 1457 Sunt
275 1372 390 1449 aliquid
411 1390 526 1432 manes:
549 1375 639 1432 letum
663 1389 722 1432 nun
745 1373 845 1431 omnia
867 1373 941 1442 finit,

262 1475 436 1550 Luridaque
459 1477 571 1536 euictus
595 1476 695 1549 effugit
718 1474 821 1535 umbra
844 1493 938 1548 rugus,
978 1477 1067 1549 Prup.
1091 1476 1179 1548 Elcg.
1193 1471 1225 1546 4,
1243 1472 1275 1546 7,
1296 1473 1321 1533 1.

691 1592 786 1657 2568.

176 1699 266 1768 Sunt,
289 1701 320 1758 iu
343 1699 479 1759 fortunae
503 1700 553 1774 qui
577 1695 692 1759 casibus
715 1699 815 1757 omnia
836 1706 950 1773 purant

177 1801 220 1861 Et
241 1804 323 1862 nullu
347 1803 470 1862 credant
492 1803 632 1861 mundum
655 1807 770 1861 recture
793 1805 904 1861 moveri

176 1905 293 1963 Natura
316 1907 451 1964 volvente
474 1906 553 1964 vices
577 1913 607 1964 et
628 1907 702 1965 lucis
726 1912 756 1965 et
777 1908 857 1964 anui.
886 1907 952 1966 Juv.
966 1906 1027 1966 Sat.
1041 1901 1088 1977 13,
1102 1901 1153 1963 86.

691 2018 785 2084 2560.

176 2129 251 2187 Sunt
272 2127 412 2188 lacrimae
435 2146 534 2189 rerum
565 2135 595 2188 et
621 2133 749 2187 mentem
780 2127 917 2186 mortalia
944 2132 1078 2201 tangunt.
1122 2127 1207 2200 Virg.
1239 2125 1318 2186 Aen.

1179 2227 1210 2300 1,
1238 2226 1315 2289 462.

693 2346 786 2410 2570.

427 2453 502 2511 Sunt
525 2453 593 2512 talis
618 2468 735 2527 quoque
758 2453 858 2512 taedia
880 2453 958 2512 vitae

175 2557 302 2630 Magna:
327 2557 495 2631 voluptates
518 2557 704 2616 commendat
727 2559 826 2616 rarior
848 2574 929 2615 usuc.
974 2557 1041 2616 Juv.
1066 2556 1127 2614 Sat.
1154 2552 1209 2626 11,
1242 2550 1317 2613 207.

693 2670 787 2733 2571.

176 2780 252 2840 Sunt
274 2786 373 2839 tamen
397 2781 477 2839 inter
499 2797 531 2840 se
554 2779 722 2838 communia
744 2778 952 2851 sacrapuetis.
969 2771 1250 2848 ‘0v.Pont.2‚10‚
1268 2773 1317 2837 17.

697 2893 791 2954 2572.

426 3001 601 3075 Superanda
624 3001 718 3060 omnis
742 3001 864 3060 fortuna
885 3000 1008 3062 ferendo
1032 3005 1087 3058 est.
1130 3000 1213 3073 Virg.
1239 3000 1318 3060 Aen.

1179 3098 1213 3174 5,
1242 3099 1318 3161 710.

690 3217 785 3280 2573.

429 3329 559 3401 Superat
582 3327 721 3400 quoniam
744 3326 871 3395 fortuna,
895 3342 1061 3398 sequamur,

176 3433 300 3507 Quoque
323 3437 424 3503 vocat,
448 3439 596 3490 vertamus
618 3431 686 3490 iter.
710 3459 752 3468 -
795 3430 877 3502 virg.
901 3429 975 3488 Aen.
1001 3426 1034 3501 5,
1059 3423 1110 3485 22.

692 3545 787 3608 2574.

425 3656 521 3728 Super
544 3655 643 3712 omnia
666 3654 764 3712 vultus

175 3758 338 3819 Accessere
358 3757 431 3819 boni
453 3775 509 3817 uec
530 3758 612 3817 iners
634 3773 809 3831 pauperque
833 3757 978 3816 voluutas.
1008 3754 1061 3814 Ov.
1084 3753 1156 3812 Met.
1183 3748 1214 3824 8,
1241 3750 1318 3816 677.

693 3855 787 3934 2575.

176 3983 339 4056 Suspectus
362 3999 433 4041 cava
456 3981 506 4053 sis,
530 3998 567 4039 uc
590 3982 631 4040 sia
654 3981 746 4039 miser
768 3977 904 4037 omnibus
927 3976 1024 4035 horis:

174 4085 250 4143 Nam
272 4084 384 4144 timidis
407 4092 438 4145 et
460 4085 607 4158 suspectis
631 4083 788 4157 aptissima
808 4096 887 4138 murs
910 4085 966 4138 est.
1011 4078 1076 4139 Cat.
1101 4079 1179 4138 Dist.
1205 4077 1236 4150 4,
1265 4078 1319 4142 43.

689 4196 783 4260 2576.

176 4309 266 4376 Suum
289 4323 437 4390 quamque
461 4308 555 4369 decet.
581 4333 621 4346 -
665 4306 762 4368 Plaut.
787 4303 881 4367 Stich.
905 4299 938 4375 5,
964 4297 998 4375 4,
1027 4299 1075 4360 11.
