2978 5048
644 447 737 463 ’ᾺἉᾺΙ
749 449 803 463 fist!
814 450 822 462 Ι
833 450 848 463 Ι·

709 552 781 620 561.

187 659 228 718 Et
249 661 324 721 bene
346 662 425 735 apud
446 678 591 722 memores
603 665 712 722 ueteris
724 670 785 723 stat
798 665 893 736 gratia
903 664 995 724 faeti?
1017 666 1097 738 Virg.
1110 665 1184 724 Aen.
1194 663 1225 735 4,
1238 659 1315 722 539.

711 763 783 824 562.

187 867 229 926 Et
250 868 325 927 dixit
346 870 428 928 tenui
450 888 596 930 murmure
618 873 737 944 lingna,
759 873 841 929 vale!
886 871 937 929 Or.
960 872 1032 930 Her.
1059 866 1111 942 12,
1136 867 1186 930 56.

707 987 780 1049 563.

186 1091 226 1149 Ε1
249 1093 350 1151 doouit
371 1111 563 1168 magnumque
584 1096 665 1170 loqui
689 1096 803 1169 nitique
825 1094 980 1153 cothurno.
1023 1097 1096 1154 Hor.
1120 1098 1154 1154 A.
1178 1097 1212 1157 Ρ.
1236 1090 1314 1155 280.

708 1194 779 1258 564.

184 1296 226 1356 Et
242 1297 409 1358 dubitamus
432 1301 528 1359 adhue
545 1302 681 1360 virtutem
696 1301 854 1359 extendere
866 1301 971 1360 laetis?
1001 1303 1090 1373 Virg..
1105 1301 1179 1360 Aen.
1194 1297 1224 1370 6,
1237 1294 1314 1359 867.
1357 1362 1361 1373 ,

710 1396 782 1463 565.

182 1503 224 1562 Et
245 1510 327 1563 errat
347 1507 433 1578 longe
455 1523 521 1565 mea
543 1507 658 1581 quidem
682 1508 838 1577 sententia,

184 1607 240 1678 Qui
261 1609 416 1681 imperium
440 1610 542 1668 credat
563 1611 681 1698 gravius
704 1627 769 1668 esse
793 1617 844 1667 aut
865 1609 1011 1679 stabilius

182 1710 219 1768 Vi
243 1711 321 1785 quod
342 1711 384 1782 fit,
410 1729 495 1786 quam
517 1712 600 1783 illud,
625 1714 703 1787 quod
725 1714 856 1772 amicitia
877 1712 1055 1785 adJungitur.
1085 1714 1153 1772 Ter.
1177 1713 1232 1772 Ad.
1257 1707 1314 1773 65.

704 1828 777 1896 566.
848 1890 851 1896 .

181 1935 281 1995 Etiam
305 1936 427 2008 capillus
450 1952 524 1993 unus
547 1936 637 1995 habet
659 1937 789 1994 umbram
811 1954 903 1995 suam.
947 1937 980 1994 P.
1004 1937 1068 2010 Syr.

705 2033 778 2094 567.

179 2140 279 2199 Etiam
302 2141 437 2201 celeritas
459 2141 490 2200 in
512 2141 659 2201 desiderio
682 2159 765 2201 mora
788 2149 841 2203 est.
886 2143 920 2202 P.
937 2143 1010 2216 Syr.

705 2249 777 2318 568.

180 2366 280 2425 Etiam
301 2366 473 2426 innoeentes
496 2366 576 2440 cogit
596 2365 717 2424 mentiri
740 2365 833 2423 dolor.
878 2365 911 2424 P.
936 2365 1000 2440 Syr.

704 2461 776 2526 569.

184 2571 283 2630 Etiam
306 2571 454 2646 oblivisci,
478 2575 529 2648 qui
551 2574 607 2645 sie,
630 2572 778 2631 interdum
798 2572 926 2645 expedit.
969 2573 1002 2631 P.
1026 2571 1090 2646 Syr.

704 2669 777 2734 570.

183 2776 224 2836 Et
245 2778 330 2838 labor
351 2780 500 2853 ingenium
523 2779 638 2838 miseris
662 2778 758 2849 dedit,
782 2784 813 2837 et
833 2795 888 2837 sua
909 2794 1052 2852 quemque

180 2879 351 2953 Advigilare
373 2884 430 2943 sibi
448 2884 538 2957 jussit
558 2882 677 2940 fortuna
698 2881 871 2954 premendo.
926 2881 1030 2940 Manil.
1054 2881 1175 2941 Astron.
1202 2880 1228 2954 l,
1253 2879 1308 2944 80.

702 2981 774 3044 571.

179 3086 220 3145 Et
241 3089 332 3147 lateat
354 3089 457 3181 vitium
479 3090 667 3162 proximitate
690 3087 769 3146 boni.
815 3088 866 3146 Ov.
889 3087 924 3145 A.
947 3087 983 3145 A.
1007 3083 1042 3158 2,
1067 3081 1138 3146 662.

702 3203 773 3266 572.

154 3288 156 3294 ’
178 3311 220 3368 Et
240 3313 317 3369 latro
341 3317 370 3370 et
393 3319 495 3371 cautus
518 3313 721 3386 praecingitur
742 3327 812 3369 ense
834 3311 944 3367 viator:

262 3415 318 3473 Ille
342 3415 394 3473 sed
416 3415 554 3487 insidias,
578 3416 627 3474 hio
648 3417 705 3475 sibi
728 3419 829 3487 portat
851 3429 946 3485 opem.
981 3413 1032 3472 Ov.
1058 3413 1146 3470 Trist.
1171 3408 1206 3483 2,
1230 3409 1308 3475 271.

701 3513 773 3577 573.

177 3619 218 3677 Et
240 3621 318 3678 malo
340 3627 409 3680 sunt
430 3621 527 3680 vicina
548 3621 643 3680 bonis.
666 3650 709 3661 -
753 3621 804 3679 Ov.
829 3620 909 3678 Rem.
933 3614 1004 3680 323.

703 3735 773 3799 574.

160 3838 217 3902 'Er
239 3847 373 3917 neglecta
393 3845 491 3924 solent
512 3843 650 3902 incendia
672 3860 787 3903 sumere
809 3845 895 3903 vires.
917 3886 920 3892 .
939 3844 1010 3901 Hor.
1030 3845 1086 3917 Ep.
1113 3840 1145 3915 1,
1172 3841 1227 3918 18,
1252 3844 1307 3910 85.

699 3943 772 4005 575.

175 4051 216 4108 Et
238 4050 358 4110 nimium
380 4051 482 4110 faciles
506 4050 544 4109 ud
566 4050 629 4110 fera
650 4050 729 4109 bella
750 4067 862 4109 manns.
909 4051 961 4108 Ov.
984 4050 1019 4109 A.
1044 4052 1078 4110 A.
1105 4046 1138 4120 1,
1163 4047 1237 4111 592.

700 4149 772 4211 576.

174 4257 215 4315 Et
237 4273 315 4315 nuno
337 4256 430 4314 omnis
454 4273 532 4328 ager,
556 4274 634 4315 nuno
657 4257 751 4315 omnis
773 4257 903 4353 parturit
926 4258 1029 4316 arbos:

173 4359 261 4418 Nunc
282 4358 421 4418 frondent
433 4362 535 4431 silvae,
559 4377 636 4419 nuno
650 4359 878 4420 formosissimus
895 4377 999 4422 annus.
1022 4363 1102 4433 Virg.
1117 4361 1189 4421 Boo.
1205 4357 1234 4434 3,
1251 4358 1307 4427 56.
