2978 5048
644 379 654 391 ”
717 385 778 450 102

642 471 715 485 sual-a
733 475 748 481 ι-
768 471 846 484 „vn-1

693 579 786 644 2077.

265 685 320 755 Qui
332 686 428 744 bellus
451 687 537 744 horno
561 693 615 757 est,
640 687 736 757 Cotta,
760 688 886 760 pusillus
913 687 1000 744 horno
1016 694 1070 746 est.
1094 686 1186 744 Mart.
1204 687 1316 759 Epigr.

1156 787 1187 859 1,
1215 786 1267 861 10,
1288 786 1318 849 2.

696 906 790 970 2078.

178 1012 353 1087 Quicunque
376 1014 474 1072 amisit
496 1013 669 1086 dignitatern
692 1015 859 1087 pristinam,
943 995 947 1009 ⁸

177 1116 295 1189 Ignavis
319 1119 407 1176 etiarn
426 1119 512 1190 jocus
536 1125 584 1175 est
602 1119 633 1176 in
657 1135 727 1176 casn
750 1120 842 1189 gravi.
894 1116 1022 1175 Phaedr.
1046 1117 1119 1175 Fab.
1148 1114 1182 1192 i,
1207 1113 1263 1187 21,
1292 1116 1319 1177 1.

693 1231 788 1295 2079.

178 1339 352 1413 Quicunque
374 1342 453 1413 turpi
477 1339 580 1398 fraudo
603 1342 693 1397 semol
715 1341 853 1409 innotuit,

176 1444 302 1503 Etiamsi
325 1460 426 1503 verum
450 1444 538 1515 dicit,
564 1445 673 1502 amittit
695 1444 791 1503 fidens.
838 1444 965 1503 Phnedr.
989 1444 1061 1503 Fab.
1089 1440 1120 1514 1,
1148 1440 1212 1514 10,
1243 1442 1271 1500 1.

692 1560 786 1622 20811.

427 1668 482 1738 Qui
506 1669 614 1741 cupiet,
630 1627 748 1726 'metuet
771 1684 902 1742 quoque;
927 1684 1016 1740 porro

177 1768 233 1840 Qui
257 1774 390 1827 metuens
413 1771 506 1842 vivet,
529 1773 605 1830 liber
627 1772 699 1830 mihi
722 1787 781 1830 non
805 1772 864 1829 erit
887 1789 1025 1845 unquam·

176 1871 312 1929 Perdidit
334 1890 430 1944 arma,
455 1876 551 1933 iocum
574 1876 693 1934 virtutis
717 1875 864 1943 deseruit,
889 1877 938 1948 qui

176 1975 300 2048 Semper
321 1977 352 2034 in
375 1978 512 2050 augenda
533 1979 655 2036 festinat
678 1985 707 2036 et
730 1980 866 2037 obruitur
887 1995 929 2037 re.
962 1979 1034 2034 Hor.
1059 1976 1114 2049 Ep.
1142 1971 1170 2045 1,
1190 1970 1247 2045 16,
1260 1972 1308 2034 65.

692 2111 787 2176 21181.

425 2217 503 2289 uuio
527 2220 657 2277 aeternis
680 2220 823 2278 minorem

262 2317 400 2376 Consiliis
423 2321 552 2379 animum
574 2320 701 2395 fatigas?
746 2324 819 2380 Hor.
844 2314 958 2389 0112,
985 2316 1040 2390 11,
1068 2315 1114 2376 11.

691 2439 784 2502 2082.

176 2541 232 2613 Qui
255 2542 326 2600 dare
349 2545 440 2602 multa
454 2542 577 2618 -potest,
610 2549 704 2607 multa
727 2554 755 2606 et
778 2562 876 2604 amare
899 2551 1007 2617 potest.
1053 2544 1143 2615 Prop.
1167 2542 1258 2615 Eieg.
1282 2536 1309 2611 2,

1173 2641 1238 2716 26,
1262 2641 1311 2706 28.
1350 2700 1352 2713 ,

692 2746 785 2811 2083.
1350 2744 1352 2757 “

176 2851 252 2923 Quid
276 2854 363 2913 datur
384 2873 402 2913 a
425 2855 499 2913 divis
522 2852 603 2912 felici
625 2856 755 2927 optatius
779 2855 872 2913 hore?
918 2853 1025 2912 Catuli,
1049 2851 1146 2910 Germ.
1168 2846 1235 2921 62,
1261 2847 1309 2909 30.

688 2968 781 3030 2081.

176 3060 253 3146 Quid
276 3076 312 3134 de
337 3093 453 3151 quoque
476 3078 540 3136 viro
564 3084 593 3137 et
616 3078 663 3135 oui
687 3078 783 3148 dicae,
808 3094 896 3150 saepe
918 3077 1027 3135 videto.

174 3177 417 3239 Percontatorem
439 3179 548 3254 fugito:
571 3197 638 3240 nam
661 3184 796 3253 garrulus
819 3180 897 3237 idem
921 3186 976 3250 est,

175 3281 238 3339 Neo
261 3282 391 3342 retinent
415 3285 535 3356 patulae
559 3285 715 3343 commissa
736 3285 864 3343 fidoliter
887 3301 982 3354 aures,

174 3384 215 3443 Et
237 3387 328 3443 semel
350 3387 486 3445 emissum
510 3389 588 3448 volat
611 3389 805 3448 irrevocabile
827 3387 957 3445 verbum.
986 3388 1058 3444 Hor.
1074 3386 1129 3458 Ep·
1146 3381 1174 3456 1,
1195 3382 1246 3459 18,
1261 3381 1310 3447 68.

689 3504 782 3568 2085.

175 3607 251 3677 Quid
274 3609 385 3668 domiui
408 3609 537 3681 iaciant,
560 3611 671 3670 audent
693 3631 758 3672 ourn
781 3614 855 3671 talia
877 3611 977 3670 fures?
1010 3610 1089 3681 Virg.
1114 3609 1190 3667 Buo.
1208 3607 1239 3683 3,
1263 3606 1309 3667 16.

691 3727 786 3792 2086.

424 3835 501 3905 Quid
523 3836 599 3895 eninr
623 3837 680 3895 nisi
704 3844 772 3896 vota
794 3843 971 3910 supersunt?
1003 3834 1161 3894 Ov.Trist.
1193 3828 1267 3907 1‚2‚
1285 3831 1310 3893 1.
1350 3820 1352 3833 '

688 3971 783 4035 2087.

423 4077 499 4149 Quid
522 4079 599 4136 enim
621 4095 682 4138 non
706 4080 837 4138 carmina
858 4083 1005 4152 possunt?
1034 4077 1085 4136 01.
1100 4075 1177 4135 Met.
1194 4073 1225 4148 7,
1242 4071 1310 4137 107.

689 4192 782 4258 2088.

423 4300 498 4370 Quin
523 4303 600 4359 enim
622 4319 715 4374 puero
740 4301 874 4360 conferre
897 4308 996 4375 potest
1018 4303 1084 4374 plus

173 4398 302 4459 Custode
322 4409 352 4460 et
374 4419 447 4462 oura
469 4411 576 4464 natura
597 4406 751 4477 potentior
775 4408 873 4463 omni?
918 4407 984 4465 Juv.
1008 4405 1070 4464 Sat.
1097 4397 1147 4475 10,
1174 4401 1251 4467 302.
