<?xml version="1.0" encoding="UTF-8"?>
<!DOCTYPE html PUBLIC "-//W3C//DTD XHTML 1.0 Transitional//EN"
    "http://www.w3.org/TR/xhtml1/DTD/xhtml1-transitional.dtd">
<html xmlns="http://www.w3.org/1999/xhtml" xml:lang="en" lang="en">
 <head>
  <title>
</title>
<meta http-equiv="Content-Type" content="text/html;charset=utf-8" />
  <meta name='ocr-system' content='tesseract 3.04.00' />
  <meta name='ocr-capabilities' content='ocr_page ocr_carea ocr_par ocr_line ocrx_word'/>
</head>
<body>
  <div class='ocr_page' id='page_1' title='image "./florilegiumlati00fromgoog_0272.png"; bbox 0 0 2978 5048; ppageno 0'>
   <div class='ocr_carea' id='block_1_1' title="bbox 716 39 778 98">
    <p class='ocr_par' dir='ltr' id='par_1_1' title="bbox 716 39 778 98">
     <span class='ocr_line' id='line_1_1' title="bbox 716 39 778 98; baseline 0 0"><span class='ocrx_word' id='word_1_1' title='bbox 716 39 778 98; x_wconf 65' lang='lat' dir='ltr'>aab</span> 
     </span>
    </p>
   </div>
   <div class='ocr_carea' id='block_1_2' title="bbox 170 206 1315 2580">
    <p class='ocr_par' dir='ltr' id='par_1_2' title="bbox 385 206 1315 364">
     <span class='ocr_line' id='line_1_2' title="bbox 385 206 1315 279; baseline 0.006 -17"><span class='ocrx_word' id='word_1_2' title='bbox 385 206 526 264; x_wconf 89' lang='lat' dir='ltr'>beneficiis</span> <span class='ocrx_word' id='word_1_3' title='bbox 544 213 618 263; x_wconf 91' lang='lat' dir='ltr'>metu</span> <span class='ocrx_word' id='word_1_4' title='bbox 636 225 727 279; x_wconf 83' lang='lat' dir='ltr'>amore</span> <span class='ocrx_word' id='word_1_5' title='bbox 742 210 815 278; x_wconf 90' lang='lat' dir='ltr'>perit</span> <span class='ocrx_word' id='word_1_6' title='bbox 839 209 898 265; x_wconf 79' lang='lat'>171.</span> <span class='ocrx_word' id='word_1_7' title='bbox 918 211 993 266; x_wconf 94' lang='grc'><strong>1412.</strong></span> <span class='ocrx_word' id='word_1_8' title='bbox 1013 212 1093 268; x_wconf 66' lang='grc'><strong>17231</strong></span> <span class='ocrx_word' id='word_1_9' title='bbox 1112 217 1186 268; x_wconf 91' lang='lat' dir='ltr'>muta</span> <span class='ocrx_word' id='word_1_10' title='bbox 1203 214 1315 269; x_wconf 86' lang='lat' dir='ltr'>libertas</span> 
     </span>
     <span class='ocr_line' id='line_1_3' title="bbox 387 295 975 364; baseline 0.003 -16"><span class='ocrx_word' id='word_1_11' title='bbox 387 309 469 362; x_wconf 85' lang='lat' dir='ltr'>saepe</span> <span class='ocrx_word' id='word_1_12' title='bbox 486 295 578 362; x_wconf 83' lang='lat' dir='ltr'>lingua</span> <span class='ocrx_word' id='word_1_13' title='bbox 595 297 680 364; x_wconf 85' lang='lat' dir='ltr'>magis</span> <span class='ocrx_word' id='word_1_14' title='bbox 698 311 782 364; x_wconf 85' lang='lat' dir='ltr'>regno</span> <span class='ocrx_word' id='word_1_15' title='bbox 800 301 883 350; x_wconf 91' lang='lat' dir='ltr'>nocet</span> <span class='ocrx_word' id='word_1_16' title='bbox 899 296 975 351; x_wconf 84' lang='grc'><strong>2318.</strong></span> 
     </span>
    </p>

    <p class='ocr_par' dir='ltr' id='par_1_3' title="bbox 175 379 1314 455">
     <span class='ocr_line' id='line_1_4' title="bbox 175 379 1314 455; baseline 0.004 -20"><span class='ocrx_word' id='word_1_17' title='bbox 175 379 273 455; x_wconf 63' lang='lat' dir='ltr'>[iibido</span> <span class='ocrx_word' id='word_1_18' title='bbox 293 379 340 447; x_wconf 84' lang='lat' dir='ltr'>[cf.</span> <span class='ocrx_word' id='word_1_19' title='bbox 358 380 491 434; x_wconf 87' lang='lat' dir='ltr'>Potentia</span> <span class='ocrx_word' id='word_1_20' title='bbox 520 380 676 449; x_wconf 77' lang='lat' dir='ltr'>Voluptaslz</span> <span class='ocrx_word' id='word_1_21' title='bbox 702 381 736 434; x_wconf 89' lang='lat' dir='ltr'>ad</span> <span class='ocrx_word' id='word_1_22' title='bbox 753 381 892 436; x_wconf 84' lang='lat' dir='ltr'>libidinem</span> <span class='ocrx_word' id='word_1_23' title='bbox 911 397 1004 436; x_wconf 88' lang='lat' dir='ltr'>omnes</span> <span class='ocrx_word' id='word_1_24' title='bbox 1021 383 1156 451; x_wconf 81' lang='lat' dir='ltr'>proclives</span> <span class='ocrx_word' id='word_1_25' title='bbox 1175 390 1239 439; x_wconf 86' lang='lat' dir='ltr'>sunt</span> <span class='ocrx_word' id='word_1_26' title='bbox 1255 384 1314 439; x_wconf 87' lang='grc'><strong>960.</strong></span> 
     </span>
    </p>

    <p class='ocr_par' dir='ltr' id='par_1_4' title="bbox 175 464 1315 620">
     <span class='ocr_line' id='line_1_5' title="bbox 175 464 1315 534; baseline 0.002 -14"><span class='ocrx_word' id='word_1_27' title='bbox 175 464 268 522; x_wconf 78' lang='lat' dir='ltr'>Libri:</span> <span class='ocrx_word' id='word_1_28' title='bbox 297 466 443 520; x_wconf 89' lang='lat' dir='ltr'>multorum</span> <span class='ocrx_word' id='word_1_29' title='bbox 463 465 594 520; x_wconf 91' lang='lat' dir='ltr'>librorum</span> <span class='ocrx_word' id='word_1_30' title='bbox 612 468 753 534; x_wconf 85' lang='lat' dir='ltr'>possessio</span> <span class='ocrx_word' id='word_1_31' title='bbox 772 467 880 522; x_wconf 89' lang='lat' dir='ltr'>doctum</span> <span class='ocrx_word' id='word_1_32' title='bbox 898 467 1033 522; x_wconf 88' lang='lat' dir='ltr'>neminem</span> <span class='ocrx_word' id='word_1_33' title='bbox 1050 468 1141 524; x_wconf 81' lang='lat' dir='ltr'>reddit</span> <span class='ocrx_word' id='word_1_34' title='bbox 1158 469 1221 523; x_wconf 81' lang='lat'>511:</span> <span class='ocrx_word' id='word_1_35' title='bbox 1249 469 1315 524; x_wconf 90' lang='lat' dir='ltr'>boni</span> 
     </span>
     <span class='ocr_line' id='line_1_6' title="bbox 385 551 1032 620; baseline 0.005 -16"><span class='ocrx_word' id='word_1_36' title='bbox 385 551 479 618; x_wconf 90' lang='lat' dir='ltr'>pueris</span> <span class='ocrx_word' id='word_1_37' title='bbox 496 553 649 620; x_wconf 78' lang='lat' dir='ltr'>puellisque</span> <span class='ocrx_word' id='word_1_38' title='bbox 668 552 731 606; x_wconf 87' lang='lat' dir='ltr'>libri</span> <span class='ocrx_word' id='word_1_39' title='bbox 748 553 856 620; x_wconf 83' lang='lat' dir='ltr'>legendi</span> <span class='ocrx_word' id='word_1_40' title='bbox 876 559 939 607; x_wconf 90' lang='lat' dir='ltr'>sunt</span> <span class='ocrx_word' id='word_1_41' title='bbox 956 553 1032 607; x_wconf 80' lang='grc'><strong>2110.</strong></span> 
     </span>
    </p>

    <p class='ocr_par' dir='ltr' id='par_1_5' title="bbox 176 636 723 693">
     <span class='ocr_line' id='line_1_7' title="bbox 176 636 723 693; baseline -0.004 0"><span class='ocrx_word' id='word_1_42' title='bbox 176 636 318 693; x_wconf 78' lang='lat' dir='ltr'>Licentia:</span> <span class='ocrx_word' id='word_1_43' title='bbox 338 637 369 691; x_wconf 82' lang='lat' dir='ltr'>cf.</span> <span class='ocrx_word' id='word_1_44' title='bbox 388 637 552 692; x_wconf 79' lang='lat' dir='ltr'>Auctoritas.</span> <span class='ocrx_word' id='word_1_45' title='bbox 588 639 723 692; x_wconf 83' lang='lat' dir='ltr'>Potestas.</span> 
     </span>
    </p>

    <p class='ocr_par' dir='ltr' id='par_1_6' title="bbox 175 721 1315 962">
     <span class='ocr_line' id='line_1_8' title="bbox 175 721 1315 795; baseline -0.001 -16"><span class='ocrx_word' id='word_1_46' title='bbox 175 721 288 795; x_wconf 76' lang='lat' dir='ltr'>Lingua</span> <span class='ocrx_word' id='word_1_47' title='bbox 307 721 350 791; x_wconf 77' lang='lat' dir='ltr'>[cf.</span> <span class='ocrx_word' id='word_1_48' title='bbox 370 721 416 776; x_wconf 91' lang='lat' dir='ltr'>Os.</span> <span class='ocrx_word' id='word_1_49' title='bbox 453 723 556 777; x_wconf 87' lang='lat' dir='ltr'>Sermo.</span> <span class='ocrx_word' id='word_1_50' title='bbox 592 723 783 778; x_wconf 88' lang='lat' dir='ltr'>Taciturnitas.</span> <span class='ocrx_word' id='word_1_51' title='bbox 821 723 920 778; x_wconf 86' lang='lat' dir='ltr'>Verba.</span> <span class='ocrx_word' id='word_1_52' title='bbox 956 724 1041 794; x_wconf 85' lang='lat' dir='ltr'>Vox]:</span> <span class='ocrx_word' id='word_1_53' title='bbox 1068 725 1167 780; x_wconf 84' lang='lat' dir='ltr'>multos</span> <span class='ocrx_word' id='word_1_54' title='bbox 1193 726 1222 779; x_wconf 93' lang='lat' dir='ltr'>in</span> <span class='ocrx_word' id='word_1_55' title='bbox 1244 726 1315 779; x_wconf 90' lang='lat' dir='ltr'>mala</span> 
     </span>
     <span class='ocr_line' id='line_1_9' title="bbox 386 807 1313 877; baseline 0.003 -15"><span class='ocrx_word' id='word_1_56' title='bbox 386 809 499 862; x_wconf 84' lang='lat' dir='ltr'>adduxit</span> <span class='ocrx_word' id='word_1_57' title='bbox 524 807 606 862; x_wconf 83' lang='lat'>1139:</span> <span class='ocrx_word' id='word_1_58' title='bbox 643 809 808 877; x_wconf 87' lang='lat' dir='ltr'>maliloquax</span> <span class='ocrx_word' id='word_1_59' title='bbox 832 810 929 863; x_wconf 85' lang='lat' dir='ltr'>malam</span> <span class='ocrx_word' id='word_1_60' title='bbox 955 817 1072 865; x_wconf 86' lang='lat' dir='ltr'>mentem</span> <span class='ocrx_word' id='word_1_61' title='bbox 1103 811 1205 866; x_wconf 91' lang='lat' dir='ltr'>indicat</span> <span class='ocrx_word' id='word_1_62' title='bbox 1231 811 1313 865; x_wconf 85' lang='lat'>1138:</span> 
     </span>
     <span class='ocr_line' id='line_1_10' title="bbox 384 894 848 962; baseline 0 -14"><span class='ocrx_word' id='word_1_63' title='bbox 384 895 448 948; x_wconf 86' lang='lat' dir='ltr'>mali</span> <span class='ocrx_word' id='word_1_64' title='bbox 465 895 538 948; x_wconf 90' lang='lat' dir='ltr'>servi</span> <span class='ocrx_word' id='word_1_65' title='bbox 556 895 674 962; x_wconf 87' lang='lat' dir='ltr'>pessima</span> <span class='ocrx_word' id='word_1_66' title='bbox 690 910 755 962; x_wconf 90' lang='lat' dir='ltr'>pars</span> <span class='ocrx_word' id='word_1_67' title='bbox 772 894 848 948; x_wconf 88' lang='grc'><strong>1140.</strong></span> 
     </span>
    </p>

    <p class='ocr_par' dir='ltr' id='par_1_7' title="bbox 175 978 821 1035">
     <span class='ocr_line' id='line_1_11' title="bbox 175 978 821 1035; baseline -0.003 0"><span class='ocrx_word' id='word_1_68' title='bbox 175 978 236 1035; x_wconf 72' lang='lat' dir='ltr'>Iris:</span> <span class='ocrx_word' id='word_1_69' title='bbox 257 979 292 1033; x_wconf 84' lang='lat' dir='ltr'>cf.</span> <span class='ocrx_word' id='word_1_70' title='bbox 310 981 469 1035; x_wconf 84' lang='lat' dir='ltr'>Altercatio.</span> <span class='ocrx_word' id='word_1_71' title='bbox 506 981 618 1034; x_wconf 89' lang='lat' dir='ltr'>Bellum.</span> <span class='ocrx_word' id='word_1_72' title='bbox 655 981 821 1034; x_wconf 90' lang='lat' dir='ltr'>Inimicitiae.</span> 
     </span>
    </p>

    <p class='ocr_par' dir='ltr' id='par_1_8' title="bbox 174 1065 1314 1292">
     <span class='ocr_line' id='line_1_12' title="bbox 174 1065 1314 1135; baseline -0.002 -12"><span class='ocrx_word' id='word_1_73' title='bbox 174 1065 266 1123; x_wconf 78' lang='lat' dir='ltr'>boens</span> <span class='ocrx_word' id='word_1_74' title='bbox 286 1065 330 1135; x_wconf 87' lang='lat' dir='ltr'>[cf.</span> <span class='ocrx_word' id='word_1_75' title='bbox 348 1067 514 1122; x_wconf 83' lang='lat' dir='ltr'>Auctoritas.</span> <span class='ocrx_word' id='word_1_76' title='bbox 541 1067 669 1121; x_wconf 88' lang='lat' dir='ltr'>Fortuna.</span> <span class='ocrx_word' id='word_1_77' title='bbox 693 1065 848 1135; x_wconf 86' lang='lat' dir='ltr'>Potestas]:</span> <span class='ocrx_word' id='word_1_78' title='bbox 876 1066 944 1120; x_wconf 91' lang='lat' dir='ltr'>alius</span> <span class='ocrx_word' id='word_1_79' title='bbox 963 1066 992 1119; x_wconf 90' lang='lat' dir='ltr'>in</span> <span class='ocrx_word' id='word_1_80' title='bbox 1012 1066 1065 1120; x_wconf 89' lang='lat' dir='ltr'>alio</span> <span class='ocrx_word' id='word_1_81' title='bbox 1084 1066 1145 1121; x_wconf 92' lang='lat' dir='ltr'>loco</span> <span class='ocrx_word' id='word_1_82' title='bbox 1164 1067 1314 1122; x_wconf 90' lang='lat' dir='ltr'>collocatus</span> 
     </span>
     <span class='ocr_line' id='line_1_13' title="bbox 385 1151 1312 1221; baseline 0.001 -16"><span class='ocrx_word' id='word_1_83' title='bbox 385 1158 428 1206; x_wconf 89' lang='lat' dir='ltr'>est</span> <span class='ocrx_word' id='word_1_84' title='bbox 454 1151 518 1205; x_wconf 79' lang='lat'>543:</span> <span class='ocrx_word' id='word_1_85' title='bbox 547 1154 575 1206; x_wconf 89' lang='lat' dir='ltr'>iu</span> <span class='ocrx_word' id='word_1_86' title='bbox 597 1167 646 1207; x_wconf 93' lang='lat' dir='ltr'>suo</span> <span class='ocrx_word' id='word_1_87' title='bbox 670 1152 785 1221; x_wconf 91' lang='lat' dir='ltr'>quisque</span> <span class='ocrx_word' id='word_1_88' title='bbox 809 1153 870 1208; x_wconf 91' lang='lat' dir='ltr'>loco</span> <span class='ocrx_word' id='word_1_89' title='bbox 895 1155 1002 1206; x_wconf 87' lang='lat' dir='ltr'>maneto</span> <span class='ocrx_word' id='word_1_90' title='bbox 1028 1151 1086 1206; x_wconf 86' lang='grc'>492,</span> <span class='ocrx_word' id='word_1_91' title='bbox 1123 1153 1199 1208; x_wconf 88' lang='grc'><strong>1018,</strong></span> <span class='ocrx_word' id='word_1_92' title='bbox 1236 1153 1312 1207; x_wconf 80' lang='grc'><strong>1256.</strong></span> 
     </span>
     <span class='ocr_line' id='line_1_14' title="bbox 384 1237 572 1292; baseline 0.005 -1"><span class='ocrx_word' id='word_1_93' title='bbox 384 1237 459 1292; x_wconf 89' lang='grc'><strong>1834.</strong></span> <span class='ocrx_word' id='word_1_94' title='bbox 495 1239 572 1292; x_wconf 82' lang='grc'><strong>2051.</strong></span> 
     </span>
    </p>

    <p class='ocr_par' dir='ltr' id='par_1_9' title="bbox 173 1321 1312 1550">
     <span class='ocr_line' id='line_1_15' title="bbox 173 1321 1312 1396; baseline 0 -18"><span class='ocrx_word' id='word_1_95' title='bbox 173 1321 344 1396; x_wconf 76' lang='lat' dir='ltr'>Loquacitas</span> <span class='ocrx_word' id='word_1_96' title='bbox 369 1323 410 1391; x_wconf 83' lang='lat' dir='ltr'>[ci.</span> <span class='ocrx_word' id='word_1_97' title='bbox 435 1324 549 1392; x_wconf 84' lang='lat' dir='ltr'>Lingua.</span> <span class='ocrx_word' id='word_1_98' title='bbox 585 1324 686 1378; x_wconf 89' lang='lat' dir='ltr'>Sermo.</span> <span class='ocrx_word' id='word_1_99' title='bbox 722 1323 820 1377; x_wconf 88' lang='lat' dir='ltr'>Verba.</span> <span class='ocrx_word' id='word_1_100' title='bbox 856 1321 941 1391; x_wconf 85' lang='lat' dir='ltr'>Vox]:</span> <span class='ocrx_word' id='word_1_101' title='bbox 972 1337 1055 1391; x_wconf 85' lang='lat' dir='ltr'>saepe</span> <span class='ocrx_word' id='word_1_102' title='bbox 1080 1324 1225 1378; x_wconf 89' lang='lat' dir='ltr'>criminosa</span> <span class='ocrx_word' id='word_1_103' title='bbox 1249 1324 1312 1378; x_wconf 83' lang='lat'>604:</span> 
     </span>
     <span class='ocr_line' id='line_1_16' title="bbox 384 1408 1312 1479; baseline 0.003 -17"><span class='ocrx_word' id='word_1_104' title='bbox 384 1410 485 1464; x_wconf 90' lang='lat' dir='ltr'>multos</span> <span class='ocrx_word' id='word_1_105' title='bbox 504 1411 532 1463; x_wconf 93' lang='lat' dir='ltr'>in</span> <span class='ocrx_word' id='word_1_106' title='bbox 551 1410 622 1463; x_wconf 87' lang='lat' dir='ltr'>mala</span> <span class='ocrx_word' id='word_1_107' title='bbox 640 1408 752 1463; x_wconf 88' lang='lat' dir='ltr'>adduxit</span> <span class='ocrx_word' id='word_1_108' title='bbox 769 1408 848 1462; x_wconf 81' lang='lat'>1139:</span> <span class='ocrx_word' id='word_1_109' title='bbox 877 1409 1025 1464; x_wconf 87' lang='lat' dir='ltr'>cavendum</span> <span class='ocrx_word' id='word_1_110' title='bbox 1049 1413 1103 1477; x_wconf 85' lang='lat' dir='ltr'>est,</span> <span class='ocrx_word' id='word_1_111' title='bbox 1129 1425 1163 1464; x_wconf 96' lang='lat' dir='ltr'>ne</span> <span class='ocrx_word' id='word_1_112' title='bbox 1182 1411 1312 1479; x_wconf 77' lang='lat' dir='ltr'>loquaces</span> 
     </span>
     <span class='ocr_line' id='line_1_17' title="bbox 386 1495 629 1550; baseline 0 -2"><span class='ocrx_word' id='word_1_113' title='bbox 386 1495 535 1550; x_wconf 86' lang='lat' dir='ltr'>habeamur</span> <span class='ocrx_word' id='word_1_114' title='bbox 556 1495 629 1550; x_wconf 81' lang='lat'>1005.</span> 
     </span>
    </p>

    <p class='ocr_par' dir='ltr' id='par_1_10' title="bbox 171 1580 530 1648">
     <span class='ocr_line' id='line_1_18' title="bbox 171 1580 530 1648; baseline -0.008 -11"><span class='ocrx_word' id='word_1_115' title='bbox 171 1580 311 1637; x_wconf 78' lang='lat' dir='ltr'>Lucrum:</span> <span class='ocrx_word' id='word_1_116' title='bbox 331 1581 364 1635; x_wconf 88' lang='lat' dir='ltr'>cl.</span> <span class='ocrx_word' id='word_1_117' title='bbox 384 1581 530 1648; x_wconf 77' lang='lat' dir='ltr'>Quaestus.</span> 
     </span>
    </p>

    <p class='ocr_par' dir='ltr' id='par_1_11' title="bbox 170 1667 482 1724">
     <span class='ocr_line' id='line_1_19' title="bbox 170 1667 482 1724; baseline -0.006 -1"><span class='ocrx_word' id='word_1_118' title='bbox 170 1667 295 1724; x_wconf 78' lang='lat' dir='ltr'>Luctus:</span> <span class='ocrx_word' id='word_1_119' title='bbox 313 1667 346 1721; x_wconf 87' lang='lat' dir='ltr'>cf.</span> <span class='ocrx_word' id='word_1_120' title='bbox 364 1668 482 1723; x_wconf 89' lang='lat' dir='ltr'>Maeror.</span> 
     </span>
    </p>

    <p class='ocr_par' dir='ltr' id='par_1_12' title="bbox 171 1750 1314 2250">
     <span class='ocr_line' id='line_1_20' title="bbox 171 1750 1314 1823; baseline -0.003 -13"><span class='ocrx_word' id='word_1_121' title='bbox 171 1753 283 1823; x_wconf 78' lang='lat' dir='ltr'>Ludus,</span> <span class='ocrx_word' id='word_1_122' title='bbox 306 1754 401 1811; x_wconf 82' lang='lat' dir='ltr'>locus:</span> <span class='ocrx_word' id='word_1_123' title='bbox 427 1755 559 1808; x_wconf 90' lang='lat' dir='ltr'>innocens</span> <span class='ocrx_word' id='word_1_124' title='bbox 583 1752 782 1819; x_wconf 89' lang='lat' dir='ltr'>permittendus</span> <span class='ocrx_word' id='word_1_125' title='bbox 808 1756 852 1805; x_wconf 89' lang='lat' dir='ltr'>est</span> <span class='ocrx_word' id='word_1_126' title='bbox 868 1751 932 1805; x_wconf 84' lang='lat'>981:</span> <span class='ocrx_word' id='word_1_127' title='bbox 958 1750 1094 1806; x_wconf 86' lang='lat' dir='ltr'>interdum</span> <span class='ocrx_word' id='word_1_128' title='bbox 1120 1751 1314 1806; x_wconf 87' lang='lat' dir='ltr'>saluberrimus</span> 
     </span>
     <span class='ocr_line' id='line_1_21' title="bbox 385 1836 1314 1906; baseline -0.001 -13"><span class='ocrx_word' id='word_1_129' title='bbox 385 1845 428 1893; x_wconf 89' lang='lat' dir='ltr'>est</span> <span class='ocrx_word' id='word_1_130' title='bbox 445 1838 528 1892; x_wconf 79' lang='lat'>2449:</span> <span class='ocrx_word' id='word_1_131' title='bbox 546 1836 678 1892; x_wconf 86' lang='lat' dir='ltr'>fruendus</span> <span class='ocrx_word' id='word_1_132' title='bbox 698 1843 756 1906; x_wconf 88' lang='lat' dir='ltr'>est,</span> <span class='ocrx_word' id='word_1_133' title='bbox 782 1842 926 1905; x_wconf 91' lang='lat' dir='ltr'>antequam</span> <span class='ocrx_word' id='word_1_134' title='bbox 945 1842 1053 1904; x_wconf 90' lang='lat' dir='ltr'>tempus</span> <span class='ocrx_word' id='word_1_135' title='bbox 1071 1839 1210 1905; x_wconf 85' lang='lat' dir='ltr'>posterius</span> <span class='ocrx_word' id='word_1_136' title='bbox 1229 1842 1314 1905; x_wconf 87' lang='lat' dir='ltr'>imps-</span> 
     </span>
     <span class='ocr_line' id='line_1_22' title="bbox 385 1922 1314 1992; baseline -0.001 -13"><span class='ocrx_word' id='word_1_137' title='bbox 385 1925 441 1979; x_wconf 85' lang='lat' dir='ltr'>diat</span> <span class='ocrx_word' id='word_1_138' title='bbox 465 1924 539 1987; x_wconf 82' lang='grc'><strong>1163.</strong></span> <span class='ocrx_word' id='word_1_139' title='bbox 584 1922 664 1977; x_wconf 85' lang='grc'><strong>1164;</strong></span> <span class='ocrx_word' id='word_1_140' title='bbox 688 1939 744 1977; x_wconf 91' lang='lat' dir='ltr'>non</span> <span class='ocrx_word' id='word_1_141' title='bbox 768 1923 855 1977; x_wconf 90' lang='lat' dir='ltr'>omnis</span> <span class='ocrx_word' id='word_1_142' title='bbox 883 1928 958 1976; x_wconf 90' lang='lat' dir='ltr'>aetas</span> <span class='ocrx_word' id='word_1_143' title='bbox 980 1923 1045 1976; x_wconf 93' lang='lat' dir='ltr'>ludo</span> <span class='ocrx_word' id='word_1_144' title='bbox 1074 1923 1158 1992; x_wconf 83' lang='lat' dir='ltr'>[joco]</span> <span class='ocrx_word' id='word_1_145' title='bbox 1187 1926 1314 1980; x_wconf 86' lang='lat' dir='ltr'>convenit</span> 
     </span>
     <span class='ocr_line' id='line_1_23' title="bbox 384 2008 1313 2077; baseline 0.001 -13"><span class='ocrx_word' id='word_1_146' title='bbox 384 2010 468 2064; x_wconf 78' lang='lat'>1645:</span> <span class='ocrx_word' id='word_1_147' title='bbox 495 2009 569 2062; x_wconf 88' lang='lat' dir='ltr'>haud</span> <span class='ocrx_word' id='word_1_148' title='bbox 587 2009 668 2063; x_wconf 84' lang='lat' dir='ltr'>facile</span> <span class='ocrx_word' id='word_1_149' title='bbox 686 2025 701 2062; x_wconf 87' lang='lat' dir='ltr'>e</span> <span class='ocrx_word' id='word_1_150' title='bbox 720 2009 791 2063; x_wconf 88' lang='lat' dir='ltr'>tristi</span> <span class='ocrx_word' id='word_1_151' title='bbox 808 2015 921 2077; x_wconf 87' lang='lat' dir='ltr'>pectore</span> <span class='ocrx_word' id='word_1_152' title='bbox 939 2009 1060 2062; x_wconf 89' lang='lat' dir='ltr'>nascitur</span> <span class='ocrx_word' id='word_1_153' title='bbox 1082 2008 1141 2062; x_wconf 87' lang='lat'>419.</span> <span class='ocrx_word' id='word_1_154' title='bbox 1177 2010 1242 2064; x_wconf 86' lang='lat'>818:</span> <span class='ocrx_word' id='word_1_155' title='bbox 1272 2012 1313 2065; x_wconf 90' lang='lat' dir='ltr'>in-</span> 
     </span>
     <span class='ocr_line' id='line_1_24' title="bbox 385 2095 1314 2163; baseline 0 -13"><span class='ocrx_word' id='word_1_156' title='bbox 385 2096 491 2150; x_wconf 90' lang='lat' dir='ltr'>terdum</span> <span class='ocrx_word' id='word_1_157' title='bbox 510 2096 641 2149; x_wconf 91' lang='lat' dir='ltr'>malorum</span> <span class='ocrx_word' id='word_1_158' title='bbox 660 2101 688 2148; x_wconf 87' lang='lat' dir='ltr'>et</span> <span class='ocrx_word' id='word_1_159' title='bbox 704 2096 841 2163; x_wconf 85' lang='lat' dir='ltr'>nequitiae</span> <span class='ocrx_word' id='word_1_160' title='bbox 860 2095 1035 2149; x_wconf 83' lang='lat' dir='ltr'>causa1162.</span> <span class='ocrx_word' id='word_1_161' title='bbox 1076 2095 1156 2150; x_wconf 77' lang='grc' dir='ltr'><strong>1166ι</strong></span> <span class='ocrx_word' id='word_1_162' title='bbox 1181 2097 1261 2152; x_wconf 90' lang='lat' dir='ltr'>ludus</span> <span class='ocrx_word' id='word_1_163' title='bbox 1280 2096 1314 2150; x_wconf 92' lang='lat' dir='ltr'>ad</span> 
     </span>
     <span class='ocr_line' id='line_1_25' title="bbox 384 2180 871 2250; baseline -0.004 -14"><span class='ocrx_word' id='word_1_164' title='bbox 384 2198 517 2236; x_wconf 88' lang='lat' dir='ltr'>armorum</span> <span class='ocrx_word' id='word_1_165' title='bbox 536 2197 613 2235; x_wconf 91' lang='lat' dir='ltr'>usum</span> <span class='ocrx_word' id='word_1_166' title='bbox 632 2187 779 2250; x_wconf 91' lang='lat' dir='ltr'>praeparat</span> <span class='ocrx_word' id='word_1_167' title='bbox 798 2180 871 2234; x_wconf 83' lang='lat'>1161.</span> 
     </span>
    </p>

    <p class='ocr_par' dir='ltr' id='par_1_13' title="bbox 173 2267 617 2325">
     <span class='ocr_line' id='line_1_26' title="bbox 173 2267 617 2325; baseline -0.011 0"><span class='ocrx_word' id='word_1_168' title='bbox 173 2269 255 2325; x_wconf 80' lang='lat' dir='ltr'>Lux:</span> <span class='ocrx_word' id='word_1_169' title='bbox 274 2268 305 2322; x_wconf 88' lang='lat' dir='ltr'>cf.</span> <span class='ocrx_word' id='word_1_170' title='bbox 327 2269 381 2323; x_wconf 86' lang='lat' dir='ltr'>Sol.</span> <span class='ocrx_word' id='word_1_171' title='bbox 418 2269 512 2321; x_wconf 90' lang='lat' dir='ltr'>Terra.</span> <span class='ocrx_word' id='word_1_172' title='bbox 547 2267 617 2322; x_wconf 90' lang='lat' dir='ltr'>Vita.</span> 
     </span>
    </p>

    <p class='ocr_par' dir='ltr' id='par_1_14' title="bbox 172 2351 1312 2580">
     <span class='ocr_line' id='line_1_27' title="bbox 172 2351 1312 2425; baseline -0.004 -14"><span class='ocrx_word' id='word_1_173' title='bbox 172 2355 303 2413; x_wconf 81' lang='lat' dir='ltr'>Luxuria</span> <span class='ocrx_word' id='word_1_174' title='bbox 321 2355 365 2425; x_wconf 83' lang='lat' dir='ltr'>[of.</span> <span class='ocrx_word' id='word_1_175' title='bbox 383 2354 617 2421; x_wconf 86' lang='lat' dir='ltr'>Intemperantia]:</span> <span class='ocrx_word' id='word_1_176' title='bbox 642 2351 788 2420; x_wconf 90' lang='lat' dir='ltr'>praedulce</span> <span class='ocrx_word' id='word_1_177' title='bbox 811 2352 911 2405; x_wconf 90' lang='lat' dir='ltr'>malum</span> <span class='ocrx_word' id='word_1_178' title='bbox 931 2358 974 2406; x_wconf 90' lang='lat' dir='ltr'>est</span> <span class='ocrx_word' id='word_1_179' title='bbox 994 2352 1076 2406; x_wconf 81' lang='lat' dir='ltr'>nra:</span> <span class='ocrx_word' id='word_1_180' title='bbox 1099 2353 1207 2406; x_wconf 89' lang='lat' dir='ltr'>saevior</span> <span class='ocrx_word' id='word_1_181' title='bbox 1231 2353 1312 2406; x_wconf 91' lang='lat' dir='ltr'>armis</span> 
     </span>
     <span class='ocr_line' id='line_1_28' title="bbox 383 2437 1312 2507; baseline -0.002 -13"><span class='ocrx_word' id='word_1_182' title='bbox 383 2439 442 2494; x_wconf 81' lang='lat'>544.</span> <span class='ocrx_word' id='word_1_183' title='bbox 479 2440 555 2493; x_wconf 82' lang='grc'><strong>1130.</strong></span> <span class='ocrx_word' id='word_1_184' title='bbox 578 2439 659 2495; x_wconf 61' lang='grc'><strong>23221</strong></span> <span class='ocrx_word' id='word_1_185' title='bbox 678 2443 867 2507; x_wconf 85' lang='lat' dir='ltr'>paupertatem</span> <span class='ocrx_word' id='word_1_186' title='bbox 886 2437 966 2492; x_wconf 87' lang='lat' dir='ltr'>affert</span> <span class='ocrx_word' id='word_1_187' title='bbox 983 2437 1050 2492; x_wconf 79' lang='lat'>544:</span> <span class='ocrx_word' id='word_1_188' title='bbox 1071 2438 1170 2493; x_wconf 87' lang='lat' dir='ltr'>desunt</span> <span class='ocrx_word' id='word_1_189' title='bbox 1187 2438 1312 2492; x_wconf 84' lang='lat' dir='ltr'>luxuriae</span> 
     </span>
     <span class='ocr_line' id='line_1_29' title="bbox 384 2525 562 2580; baseline 0 -2"><span class='ocrx_word' id='word_1_190' title='bbox 384 2527 467 2580; x_wconf 90' lang='lat' dir='ltr'>multa</span> <span class='ocrx_word' id='word_1_191' title='bbox 485 2525 562 2579; x_wconf 81' lang='lat' dir='ltr'>nro.</span> 
     </span>
    </p>
   </div>
   <div class='ocr_carea' id='block_1_3' title="bbox 171 2864 1311 4056">
    <p class='ocr_par' dir='ltr' id='par_1_15' title="bbox 174 2864 1311 3196">
     <span class='ocr_line' id='line_1_30' title="bbox 174 2864 1311 2942; baseline -0.005 -16"><span class='ocrx_word' id='word_1_192' title='bbox 174 2871 299 2940; x_wconf 82' lang='lat' dir='ltr'>Maeror,</span> <span class='ocrx_word' id='word_1_193' title='bbox 317 2867 481 2942; x_wconf 78' lang='lat' dir='ltr'>Aegritudo,</span> <span class='ocrx_word' id='word_1_194' title='bbox 500 2868 629 2925; x_wconf 77' lang='lat' dir='ltr'>Tristitia</span> <span class='ocrx_word' id='word_1_195' title='bbox 653 2868 694 2936; x_wconf 88' lang='lat' dir='ltr'>[cf.</span> <span class='ocrx_word' id='word_1_196' title='bbox 714 2869 809 2921; x_wconf 84' lang='lat' dir='ltr'>Curae.</span> <span class='ocrx_word' id='word_1_197' title='bbox 845 2867 941 2921; x_wconf 88' lang='lat' dir='ltr'>Dolor.</span> <span class='ocrx_word' id='word_1_198' title='bbox 975 2864 1055 2920; x_wconf 89' lang='lat' dir='ltr'>Mala.</span> <span class='ocrx_word' id='word_1_199' title='bbox 1090 2865 1236 2933; x_wconf 75' lang='lat' dir='ltr'>Querela]:</span> <span class='ocrx_word' id='word_1_200' title='bbox 1265 2883 1311 2921; x_wconf 87' lang='lat' dir='ltr'>vo-</span> 
     </span>
     <span class='ocr_line' id='line_1_31' title="bbox 381 2951 1310 3023; baseline -0.002 -14"><span class='ocrx_word' id='word_1_201' title='bbox 381 2957 513 3023; x_wconf 89' lang='lat' dir='ltr'>luptatem</span> <span class='ocrx_word' id='word_1_202' title='bbox 532 2956 656 3022; x_wconf 84' lang='lat' dir='ltr'>sequitur</span> <span class='ocrx_word' id='word_1_203' title='bbox 676 2954 745 3007; x_wconf 79' lang='lat'>1070</span> <span class='ocrx_word' id='word_1_204' title='bbox 763 2960 791 3006; x_wconf 86' lang='lat' dir='ltr'>et</span> <span class='ocrx_word' id='word_1_205' title='bbox 809 2954 904 3006; x_wconf 90' lang='lat' dir='ltr'>nimias</span> <span class='ocrx_word' id='word_1_206' title='bbox 922 2952 1046 3007; x_wconf 86' lang='lat' dir='ltr'>fortunas</span> <span class='ocrx_word' id='word_1_207' title='bbox 1065 2951 1129 3005; x_wconf 84' lang='lat'><strong>923:</strong></span> <span class='ocrx_word' id='word_1_208' title='bbox 1162 2953 1238 3007; x_wconf 88' lang='lat' dir='ltr'>solus</span> <span class='ocrx_word' id='word_1_209' title='bbox 1263 2953 1310 3007; x_wconf 91' lang='lat' dir='ltr'>mi·</span> 
     </span>
     <span class='ocr_line' id='line_1_32' title="bbox 383 3038 1308 3106; baseline 0 -12"><span class='ocrx_word' id='word_1_210' title='bbox 383 3043 452 3095; x_wconf 85' lang='lat' dir='ltr'>soris</span> <span class='ocrx_word' id='word_1_211' title='bbox 470 3056 578 3094; x_wconf 91' lang='lat' dir='ltr'>maeror</span> <span class='ocrx_word' id='word_1_212' title='bbox 596 3040 758 3106; x_wconf 89' lang='lat' dir='ltr'>relinquitur</span> <span class='ocrx_word' id='word_1_213' title='bbox 767 3038 851 3092; x_wconf 77' lang='lat'>2384:</span> <span class='ocrx_word' id='word_1_214' title='bbox 872 3038 962 3106; x_wconf 87' lang='lat' dir='ltr'>efficit,</span> <span class='ocrx_word' id='word_1_215' title='bbox 981 3044 1011 3092; x_wconf 90' lang='lat' dir='ltr'>ut</span> <span class='ocrx_word' id='word_1_216' title='bbox 1019 3038 1145 3092; x_wconf 89' lang='lat' dir='ltr'>fiduciam</span> <span class='ocrx_word' id='word_1_217' title='bbox 1155 3041 1308 3094; x_wconf 88' lang='lat' dir='ltr'>amittamus</span> 
     </span>
     <span class='ocr_line' id='line_1_33' title="bbox 382 3123 1182 3196; baseline -0.005 -14"><span class='ocrx_word' id='word_1_218' title='bbox 382 3128 447 3182; x_wconf 79' lang='lat'>692:</span> <span class='ocrx_word' id='word_1_219' title='bbox 463 3128 543 3196; x_wconf 89' lang='lat' dir='ltr'>jocos</span> <span class='ocrx_word' id='word_1_220' title='bbox 562 3141 617 3179; x_wconf 91' lang='lat' dir='ltr'>non</span> <span class='ocrx_word' id='word_1_221' title='bbox 636 3129 707 3177; x_wconf 90' lang='lat' dir='ltr'>amat</span> <span class='ocrx_word' id='word_1_222' title='bbox 723 3123 789 3178; x_wconf 82' lang='lat'>419:</span> <span class='ocrx_word' id='word_1_223' title='bbox 808 3129 931 3192; x_wconf 89' lang='lat' dir='ltr'>tempore</span> <span class='ocrx_word' id='word_1_224' title='bbox 949 3124 1086 3192; x_wconf 86' lang='lat' dir='ltr'>mitigatur</span> <span class='ocrx_word' id='word_1_225' title='bbox 1103 3123 1182 3178; x_wconf 85' lang='grc'><strong>2891.</strong></span> 
     </span>
    </p>

    <p class='ocr_par' dir='ltr' id='par_1_16' title="bbox 174 3212 569 3286">
     <span class='ocr_line' id='line_1_34' title="bbox 174 3212 569 3286; baseline -0.015 -16"><span class='ocrx_word' id='word_1_226' title='bbox 174 3212 323 3286; x_wconf 81' lang='lat' dir='ltr'>Magister:</span> <span class='ocrx_word' id='word_1_227' title='bbox 344 3214 375 3267; x_wconf 86' lang='lat' dir='ltr'>cf.</span> <span class='ocrx_word' id='word_1_228' title='bbox 395 3213 569 3280; x_wconf 90' lang='lat' dir='ltr'>Praeceptor.</span> 
     </span>
    </p>

    <p class='ocr_par' dir='ltr' id='par_1_17' title="bbox 173 3296 716 3372">
     <span class='ocr_line' id='line_1_35' title="bbox 173 3296 716 3372; baseline -0.011 -14"><span class='ocrx_word' id='word_1_229' title='bbox 173 3300 371 3372; x_wconf 80' lang='lat' dir='ltr'>Magistratus:</span> <span class='ocrx_word' id='word_1_230' title='bbox 391 3300 423 3354; x_wconf 85' lang='lat' dir='ltr'>cf.</span> <span class='ocrx_word' id='word_1_231' title='bbox 442 3299 545 3354; x_wconf 92' lang='lat' dir='ltr'>Honor.</span> <span class='ocrx_word' id='word_1_232' title='bbox 580 3296 716 3352; x_wconf 88' lang='lat' dir='ltr'>Potestas.</span> 
     </span>
    </p>

    <p class='ocr_par' dir='ltr' id='par_1_18' title="bbox 173 3380 1310 3880">
     <span class='ocr_line' id='line_1_36' title="bbox 173 3380 1308 3458; baseline -0.003 -16"><span class='ocrx_word' id='word_1_233' title='bbox 173 3386 290 3458; x_wconf 78' lang='lat' dir='ltr'>Magna:</span> <span class='ocrx_word' id='word_1_234' title='bbox 317 3387 345 3438; x_wconf 92' lang='lat' dir='ltr'>in</span> <span class='ocrx_word' id='word_1_235' title='bbox 368 3400 397 3438; x_wconf 90' lang='lat' dir='ltr'>se</span> <span class='ocrx_word' id='word_1_236' title='bbox 422 3388 506 3438; x_wconf 91' lang='lat' dir='ltr'>ruunt</span> <span class='ocrx_word' id='word_1_237' title='bbox 530 3383 595 3436; x_wconf 81' lang='lat'><strong>996:</strong></span> <span class='ocrx_word' id='word_1_238' title='bbox 623 3382 651 3436; x_wconf 94' lang='lat' dir='ltr'>in</span> <span class='ocrx_word' id='word_1_239' title='bbox 673 3382 776 3450; x_wconf 86' lang='lat' dir='ltr'>majore</span> <span class='ocrx_word' id='word_1_240' title='bbox 795 3380 947 3434; x_wconf 86' lang='lat' dir='ltr'>discrimine</span> <span class='ocrx_word' id='word_1_241' title='bbox 965 3387 1110 3437; x_wconf 87' lang='lat' dir='ltr'>versantur</span> <span class='ocrx_word' id='word_1_242' title='bbox 1138 3384 1197 3439; x_wconf 83' lang='lat'>682.</span> <span class='ocrx_word' id='word_1_243' title='bbox 1233 3386 1308 3439; x_wconf 88' lang='grc'><strong>1026.</strong></span> 
     </span>
     <span class='ocr_line' id='line_1_37' title="bbox 383 3467 1309 3535; baseline 0.004 -13"><span class='ocrx_word' id='word_1_244' title='bbox 383 3469 459 3524; x_wconf 87' lang='lat'>1108.</span> <span class='ocrx_word' id='word_1_245' title='bbox 496 3469 571 3522; x_wconf 79' lang='lat'>1175.</span> <span class='ocrx_word' id='word_1_246' title='bbox 606 3468 682 3522; x_wconf 84' lang='grc'><strong>2055.</strong></span> <span class='ocrx_word' id='word_1_247' title='bbox 717 3467 799 3521; x_wconf 79' lang='lat'><strong>2563:</strong></span> <span class='ocrx_word' id='word_1_248' title='bbox 827 3467 931 3535; x_wconf 80' lang='lat' dir='ltr'>magnis</span> <span class='ocrx_word' id='word_1_249' title='bbox 958 3468 1095 3523; x_wconf 86' lang='lat' dir='ltr'>invidetur</span> <span class='ocrx_word' id='word_1_250' title='bbox 1121 3469 1196 3524; x_wconf 89' lang='grc'><strong>1026.</strong></span> <span class='ocrx_word' id='word_1_251' title='bbox 1233 3472 1309 3526; x_wconf 89' lang='grc'><strong>1223.</strong></span> 
     </span>
     <span class='ocr_line' id='line_1_38' title="bbox 382 3552 1310 3622; baseline 0.006 -16"><span class='ocrx_word' id='word_1_252' title='bbox 382 3553 463 3607; x_wconf 82' lang='grc'><strong>2563;</strong></span> <span class='ocrx_word' id='word_1_253' title='bbox 483 3569 497 3607; x_wconf 89' lang='lat' dir='ltr'>e</span> <span class='ocrx_word' id='word_1_254' title='bbox 517 3554 607 3621; x_wconf 88' lang='lat' dir='ltr'>parvis</span> <span class='ocrx_word' id='word_1_255' title='bbox 627 3569 709 3622; x_wconf 90' lang='lat' dir='ltr'>saepe</span> <span class='ocrx_word' id='word_1_256' title='bbox 730 3555 855 3609; x_wconf 88' lang='lat' dir='ltr'>oriuntur</span> <span class='ocrx_word' id='word_1_257' title='bbox 874 3552 933 3610; x_wconf 86' lang='grc'><strong>684.</strong></span> <span class='ocrx_word' id='word_1_258' title='bbox 958 3553 1016 3606; x_wconf 80' lang='grc'><strong>708.</strong></span> <span class='ocrx_word' id='word_1_259' title='bbox 1046 3554 1105 3608; x_wconf 81' lang='grc'><strong>792.</strong></span> <span class='ocrx_word' id='word_1_260' title='bbox 1131 3555 1205 3611; x_wconf 84' lang='grc'><strong>1636.</strong></span> <span class='ocrx_word' id='word_1_261' title='bbox 1232 3557 1310 3612; x_wconf 82' lang='grc'><strong>1818.</strong></span> 
     </span>
     <span class='ocr_line' id='line_1_39' title="bbox 383 3638 1309 3709; baseline 0.006 -17"><span class='ocrx_word' id='word_1_262' title='bbox 383 3640 457 3692; x_wconf 85' lang='grc'><strong>1911.</strong></span> <span class='ocrx_word' id='word_1_263' title='bbox 496 3638 570 3693; x_wconf 86' lang='grc'><strong>1962.</strong></span> <span class='ocrx_word' id='word_1_264' title='bbox 607 3639 683 3694; x_wconf 83' lang='grc'><strong>2071.</strong></span> <span class='ocrx_word' id='word_1_265' title='bbox 719 3640 794 3694; x_wconf 85' lang='grc'><strong>2105.</strong></span> <span class='ocrx_word' id='word_1_266' title='bbox 830 3638 906 3693; x_wconf 87' lang='grc'><strong>2123.</strong></span> <span class='ocrx_word' id='word_1_267' title='bbox 942 3639 1022 3693; x_wconf 79' lang='lat'>2151:</span> <span class='ocrx_word' id='word_1_268' title='bbox 1048 3643 1152 3709; x_wconf 81' lang='lat' dir='ltr'>magnis</span> <span class='ocrx_word' id='word_1_269' title='bbox 1173 3644 1246 3699; x_wconf 90' lang='lat' dir='ltr'>haud</span> <span class='ocrx_word' id='word_1_270' title='bbox 1265 3659 1309 3698; x_wconf 90' lang='lat' dir='ltr'>ce-</span> 
     </span>
     <span class='ocr_line' id='line_1_40' title="bbox 381 3723 1307 3783; baseline 0.004 -4"><span class='ocrx_word' id='word_1_271' title='bbox 381 3726 477 3779; x_wconf 89' lang='lat' dir='ltr'>leriter</span> <span class='ocrx_word' id='word_1_272' title='bbox 494 3723 563 3778; x_wconf 90' lang='lat' dir='ltr'>fides</span> <span class='ocrx_word' id='word_1_273' title='bbox 581 3725 699 3779; x_wconf 89' lang='lat' dir='ltr'>habetur</span> <span class='ocrx_word' id='word_1_274' title='bbox 716 3726 796 3780; x_wconf 79' lang='lat'>2601:</span> <span class='ocrx_word' id='word_1_275' title='bbox 824 3742 879 3780; x_wconf 92' lang='lat' dir='ltr'>non</span> <span class='ocrx_word' id='word_1_276' title='bbox 903 3731 1013 3779; x_wconf 90' lang='lat' dir='ltr'>manent</span> <span class='ocrx_word' id='word_1_277' title='bbox 1036 3726 1082 3781; x_wconf 91' lang='lat' dir='ltr'>diu</span> <span class='ocrx_word' id='word_1_278' title='bbox 1106 3742 1209 3781; x_wconf 90' lang='lat' dir='ltr'>summa</span> <span class='ocrx_word' id='word_1_279' title='bbox 1226 3729 1307 3783; x_wconf 76' lang='lat'>2564:</span> 
     </span>
     <span class='ocr_line' id='line_1_41' title="bbox 383 3810 1271 3880; baseline 0.003 -15"><span class='ocrx_word' id='word_1_280' title='bbox 383 3811 461 3865; x_wconf 83' lang='lat' dir='ltr'>facile</span> <span class='ocrx_word' id='word_1_281' title='bbox 480 3811 579 3865; x_wconf 88' lang='lat' dir='ltr'>dantur</span> <span class='ocrx_word' id='word_1_282' title='bbox 596 3811 751 3866; x_wconf 89' lang='lat' dir='ltr'>hominibus</span> <span class='ocrx_word' id='word_1_283' title='bbox 769 3826 880 3880; x_wconf 87' lang='lat' dir='ltr'>summa,</span> <span class='ocrx_word' id='word_1_284' title='bbox 899 3810 1007 3866; x_wconf 83' lang='lat' dir='ltr'>difficile</span> <span class='ocrx_word' id='word_1_285' title='bbox 1025 3814 1179 3867; x_wconf 89' lang='lat' dir='ltr'>retinentur</span> <span class='ocrx_word' id='word_1_286' title='bbox 1197 3814 1271 3868; x_wconf 83' lang='grc'><strong>1163.</strong></span> 
     </span>
    </p>

    <p class='ocr_par' dir='ltr' id='par_1_19' title="bbox 171 3895 685 3971">
     <span class='ocr_line' id='line_1_42' title="bbox 171 3895 685 3971; baseline -0.014 -14"><span class='ocrx_word' id='word_1_287' title='bbox 171 3900 305 3971; x_wconf 83' lang='lat' dir='ltr'>Magrus:</span> <span class='ocrx_word' id='word_1_288' title='bbox 325 3899 413 3968; x_wconf 81' lang='lat' dir='ltr'>magni</span> <span class='ocrx_word' id='word_1_289' title='bbox 432 3895 590 3966; x_wconf 78' lang='lat' dir='ltr'>quittamus</span> <span class='ocrx_word' id='word_1_290' title='bbox 609 3896 685 3950; x_wconf 87' lang='grc'><strong>1440.</strong></span> 
     </span>
    </p>

    <p class='ocr_par' dir='ltr' id='par_1_20' title="bbox 171 3982 1272 4056">
     <span class='ocr_line' id='line_1_43' title="bbox 171 3982 1272 4056; baseline -0.001 -15"><span class='ocrx_word' id='word_1_291' title='bbox 171 3983 306 4056; x_wconf 85' lang='lat' dir='ltr'>Majestas</span> <span class='ocrx_word' id='word_1_292' title='bbox 325 3984 370 4054; x_wconf 89' lang='lat' dir='ltr'>[cf.</span> <span class='ocrx_word' id='word_1_293' title='bbox 387 3985 520 4040; x_wconf 88' lang='lat' dir='ltr'>Potestas.</span> <span class='ocrx_word' id='word_1_294' title='bbox 556 3982 674 4054; x_wconf 69' lang='lat' dir='ltr'>Regnoi:</span> <span class='ocrx_word' id='word_1_295' title='bbox 697 4000 754 4043; x_wconf 91' lang='lat' dir='ltr'>non</span> <span class='ocrx_word' id='word_1_296' title='bbox 772 3984 842 4039; x_wconf 93' lang='lat' dir='ltr'>bene</span> <span class='ocrx_word' id='word_1_297' title='bbox 861 4000 921 4038; x_wconf 91' lang='lat' dir='ltr'>cum</span> <span class='ocrx_word' id='word_1_298' title='bbox 939 3998 1030 4038; x_wconf 90' lang='lat' dir='ltr'>amore</span> <span class='ocrx_word' id='word_1_299' title='bbox 1049 3986 1177 4040; x_wconf 84' lang='lat' dir='ltr'>convenit</span> <span class='ocrx_word' id='word_1_300' title='bbox 1195 3986 1272 4040; x_wconf 79' lang='lat'>1586.</span> 
     </span>
    </p>
   </div>
   <div class='ocr_carea' id='block_1_4' title="bbox 0 0 1494 5048">
    <p class='ocr_par' dir='ltr' id='par_1_21' title="bbox 0 0 1494 5048">
     <span class='ocr_line' id='line_1_44' title="bbox 0 0 1494 5048; baseline 0 1"><span class='ocrx_word' id='word_1_301' title='bbox 0 0 1494 5048; x_wconf 95' lang='lat' dir='ltr'> </span> 
     </span>
    </p>
   </div>
  </div>
 </body>
</html>
