2978 5048
718 508 768 572 67.

170 616 262 676 Amor
284 617 389 676 timere
411 615 557 674 neminem
580 633 668 675 verus
691 623 800 690 potest.
847 617 916 678 Sen.
938 617 1019 677 Med.
1043 612 1115 675 416.

711 733 762 796 68.

171 838 303 912 Ampliat
325 841 432 898 aetatis
455 840 583 912 spatium
605 840 662 899 sibi
684 840 862 900 virbonus:
886 840 944 899 hoc
966 846 1012 900 est

261 943 369 1001 Vivere
391 942 437 1001 bis
461 945 523 1002 vita
544 959 631 1015 posse
654 944 755 1016 priore
777 944 844 1004 frui.
888 944 978 1004 Mart.
1002 944 1105 1018 Epigr.
1132 939 1179 1013 10,
1204 937 1254 1013 23,
1280 937 1310 1001 7.

717 1058 768 1122 60.

422 1165 468 1223 An
482 1164 553 1223 boni
569 1166 640 1238 quid
653 1184 776 1241 usquam
791 1174 845 1240 est,
870 1168 949 1257 quod
960 1168 1114 1243 quisquam
1126 1166 1169 1226 uti
1184 1166 1309 1239 possiet.

161 1269 346 1347 Ι8111111110
370 1269 472 1327 omni?
496 1297 536 1307 -
559 1269 657 1329 Plaut.
679 1271 772 1331 Mero.
800 1269 826 1343 1,
851 1267 880 1343 2,
905 1267 955 1332 34.

717 1387 767 1450 70.

176 1494 295 1567 Anceps
318 1492 415 1552 forme
435 1492 543 1551 bonum
567 1494 750 1566 110111Ιί1111,

175 1597 283 1670 Exigui
307 1596 415 1666 donum
437 1595 526 1654 breve
548 1598 701 1669 temporis,

174 1699 215 1760 Ut
236 1701 323 1759 velox
345 1700 435 1758 celeri
457 1699 535 1773 pede
556 1699 680 1758 laberis!
726 1701 794 1760 Seu.
817 1701 908 1773 Hipp.
934 1695 1005 1758 761.

721 1817 771 1880 71.

175 1924 222 1984 An
246 1924 366 1984 dubium
390 1929 437 1983 est
460 1923 596 1983 habitare
620 1922 705 1981 deum
728 1924 782 1983 sub
805 1929 926 1997 pectore
949 1928 1052 1982 nostro

175 2029 210 2087 In
223 2029 394 2101 coelumque
408 2026 506 2085 redire
519 2027 632 2086 animas
647 2028 790 2100 coeloque
807 2028 927 2086 venire?
949 2026 1054 2085 Monil.
1068 2025 1188 2086 Astron.
1198 2019 1312 2097 4,886.

722 2143 772 2207 72.

176 2252 338 2325 Angustam
361 2292 371 2312 .
396 2294 404 2311 .
428 2295 435 2309 .
459 2296 467 2310 .
491 2249 664 2325 pauperiem
686 2251 752 2324 peti
845 2337 848 2346 1

175 2355 326 2415 Robustus
350 2355 413 2414 acri
434 2354 542 2413 militia
564 2371 639 2429 puer

263 2457 443 2519 Condiscat:
460 2490 496 2499 —
541 2456 615 2516 Hor.
640 2454 695 2515 Od.
718 2451 754 2528 3,
777 2452 813 2527 2,
840 2452 867 2517 1.
895 2530 900 2539 ¹

721 2572 772 2635 78:

426 2682 545 2742 Animal
566 2686 691 2756 propter
714 2680 851 2740 convivio
874 2686 983 2741 natum.
1016 2682 1082 2755 Juy.
1107 2681 1169 2740 Set.
1197 2676 1313 2752 1,141.

719 2780 768 2843 74.

425 2889 564 2947 Animum
587 2902 671 2959 rege;
696 2887 747 2961 qui
767 2887 826 2946 nisi
848 2893 945 2961 paret,

178 2992 324 3066 Imperat:
348 2992 427 3051 hunc
448 2991 551 3062 irenis,
574 2990 652 3049 hunc
666 2998 699 3048 tu
713 3005 867 3063 compesce
881 2996 995 3051 catena.
1020 2992 1092 3049 Hor.
1105 2991 1162 3064 Ep.
1181 2985 1206 3061 1,
1219 2986 1247 3060 2,
1261 2985 1313 3051 62.

720 3087 771 3149 75.

178 3199 302 3258 Animus
336 3215 449 3274 aequus
481 3199 625 3274 optimum
658 3203 705 3257 est
738 3188 897 3257 aerumnae
930 3197 1161 3256 condimentum.
1214 3198 1316 3258 Plent.

801 3343 803 3346 -
1038 3300 1114 3359 Rud.
1139 3296 1176 3371 2,
1201 3298 1236 3370 3,
1263 3296 1315 3361 71.

726 3401 777 3464 76.

179 3509 304 3568 Animus
327 3507 466 3580 hominis,
491 3508 636 3584 quidquid
658 3508 716 3567 sibi
739 3509 875 3582 imperat,
900 3508 1025 3567 obtinet.
1070 3509 1104 3567 P.
1129 3507 1194 3582 Syr.

673 3635 675 3640 ·
724 3606 773 3670 77.

180 3715 227 3775 An
249 3718 375 3775 miseros
398 3717 493 3776 tristis
515 3716 634 3776 fortune
656 3718 804 3775 tenaciter
825 3721 930 3788 urgete
953 3715 1007 3776 Ov.
1030 3715 1102 3774 Her.
1127 3712 1155 3787 3,
1179 3711 1229 3775 43.

723 3815 772 3878 78.

181 3922 228 3983 An
251 3924 349 3983 nescis
372 3924 475 3997 longas
497 3923 617 3997 regibus
641 3939 707 3983 esse
729 3929 855 3983 manus?
903 3924 955 3983 Ov.
979 3924 1050 3982 Her.
1079 3918 1126 3992 17,
1153 3916 1222 3980 166.

728 4023 778 4085 70.

182 4131 295 4192 Annuit
316 4137 347 4192 et
369 4137 463 4191 totum
485 4136 559 4190 nutu
581 4129 748 4191 tremefecit
769 4131 937 4206 Olympum.
961 4130 1042 4202 virg.
1066 4127 1140 4189 Aen.
1170 4124 1217 4200 10,
1244 4123 1317 4190 115.

725 4227 775 4294 80.

431 4339 477 4398 An
501 4340 587 4399 obest
610 4297 733 4414 quoque
752 4340 845 4414 gloria
866 4339 991 4399 multis?
1015 4336 1140 4398 OvMet.
1171 4331 1219 4407 11,
1244 4329 1319 4396 320.
