2978 5048
624 382 664 442 35

545 463 749 480 vvvvwvvum

606 572 679 635 447.

65 676 261 735 Dissuadere
283 677 363 735 lieet.
407 676 475 735 Non
492 683 544 742 ,eat
566 684 619 737 tua
640 684 705 737 tuta
725 677 872 738 voluutas.
918 678 971 738 Ov.
992 679 1066 738 Met.
1089 673 1126 750 2,
1156 674 1207 738 53.

603 791 677 858 448.

328 895 388 970 Di,
411 901 501 958 talem
524 901 649 959 avertite
672 906 786 960 casum!
831 899 912 972 Virg.
936 900 1009 961 Aen.
1034 896 1070 971 3,
1094 894 1166 959 265.

609 1015 680 1080 440.

329 1120 379 1190 Di,
403 1123 489 1180 talem
513 1123 601 1181 terris
616 1125 741 1183 avertite
754 1129 882 1198 pestem!
911 1123 1078 1196 Virg.Aen.
1096 1116 1126 1192 3,
1138 1115 1211 1179 620.

607 1238 680 1301 450.

67 1341 113 1400 Di
138 1347 172 1399 te
195 1351 414 1414 summoveant,
440 1362 457 1402 0
480 1346 574 1404 nostri
597 1344 719 1404 infamia
741 1347 848 1405 saecli!
893 1346 945 1405 Ov.
969 1344 1042 1405 Met.
1066 1341 1102 1415 8,
1126 1339 1177 1404 97.

606 1462 680 1526 451.

76 1565 120 1622 Di
140 1565 199 1623 tibi
223 1565 343 1625 divitias
366 1567 513 1627 dederunt
535 1574 689 1650 artemque
710 1568 838 1630 fruendi.
881 1569 955 1629 Hor.
979 1569 1036 1642 Ep.
1063 1564 1090 1638 1,
1114 1564 1142 1637 4,
1167 1562 1195 1631 7.

607 1682 680 1747 452.

76 1787 119 1845 Di
142 1787 218 1859 tibi,
241 1791 267 1846 si
290 1805 348 1862 qua
369 1789 436 1861 pios
459 1773 630 1863 respectant
651 1792 785 1864 numina,
810 1795 834 1851 si
858 1793 929 1867 quid

70 1890 215 1965 Usquam
234 1893 369 1964 justitiae
393 1898 438 1950 est
460 1898 490 1950 et
512 1909 594 1952 mens
618 1894 675 1952 sibi
698 1897 819 1955 conscia
840 1898 924 1965 recti,

67 1995 221 2054 Praemia
239 1994 328 2067 digua
349 1995 455 2055 ierant.
481 2023 521 2035 -
565 1997 646 2070 Virg.
669 1998 744 2057 Aen.
771 1995 803 2069 1,
827 1995 899 2059 607.

611 2112 685 2179 453.

69 2219 140 2277 Diu
167 2217 370 2292 apparandum
394 2223 439 2277 est
462 2218 586 2293 bellum,
609 2225 643 2279 ut
664 2221 765 2280 vincas
789 2221 924 2280 celerius.
968 2222 1001 2280 P.
1026 2221 1091 2295 Syr.
1201 2224 1203 2227 ’

611 2319 685 2384 454.

69 2427 228 2486 Diuersus
251 2423 368 2483 diversa
385 2427 505 2498 J'uvant:
528 2441 586 2484 non
610 2427 744 2486 omnibus
768 2427 854 2486 aunis

171 2528 278 2587 Omnia
302 2528 500 2599 couveniuut3
524 2545 572 2589 res
595 2532 678 2604 prius
701 2536 771 2605 apta
793 2536 891 2589 uocet.

67 2632 223 2693 Exsultat
244 2632 366 2689 levitate
388 2647 480 2703 puer,
503 2632 648 2704 gravitate
671 2639 825 2692 senectus:

170 2735 252 2794 luter
274 2741 431 2809 utrumque
453 2752 574 2795 maneus
597 2742 658 2794 stat
675 2736 807 2809 Juvenile
831 2735 929 2795 decus.
975 2733 1063 2798 Corn.
1086 2739 1163 2797 Gall.
1180 2738 1216 2806 (Ρ)

969 2840 1054 2913 Eleg.
1081 2841 1112 2912 1,
1145 2836 1216 2902 103.

611 2937 685 3003 455.

68 3047 216 3106 Divesne
237 3045 338 3118 prisco
362 3048 449 3104 natus
473 3045 508 3103 ab
523 3042 653 3114 inacho,

71 3152 132 3211 Nil
159 3150 302 3220 interest,
327 3165 364 3207 an
385 3164 505 3221 pauper
529 3155 559 3206 et
580 3148 681 3208 infima

171 3252 219 3312 De
240 3258 328 3326 gente
350 3251 404 3310 sub
429 3251 499 3309 divo
521 3254 655 3321 moreris,

243 3355 371 3415 Victima
394 3355 435 3414 nil
457 3356 625 3415 miserantis
649 3356 729 3417 Orci.

69 3463 195 3522 Omnes
217 3459 320 3518 eodem
344 3461 493 3532 cogimur,
517 3460 646 3517 emnium

66 3567 230 3627 Versatur
252 3579 328 3623 urna
349 3562 444 3621 serius
469 3563 551 3621 ocius

174 3665 245 3725 Sors
269 3667 386 3725 exitura
409 3672 439 3725 et
461 3682 514 3725 nos
538 3666 569 3724 in
593 3671 744 3725 aeternum

242 3769 388 3829 Exsilium
410 3770 586 3845 impositura
608 3771 741 3845 cymbae·
782 3771 856 3832 Hor.
881 3771 936 3832 Od.
961 3767 996 3844 2,
1020 3769 1053 3844 3,
1078 3769 1129 3836 24.

613 3869 686 3931 450.

66 3979 219 4044 Divitiae
240 3978 367 4051 grandes
390 3978 502 4037 homini
526 3983 595 4038 sunt
616 3979 716 4038 vivere
738 3994 828 4052 purae

65 4090 190 4159 Aequo
220 4083 333 4141 animo:
364 4098 461 4157 neque
490 4083 567 4141 euim
590 4087 637 4141 est
659 4098 788 4157 unquam
810 4085 936 4158 penuria
958 4085 1053 4159 parvi.
1097 4085 1216 4147 Lueret.

326 4190 329 4194 ’
942 4190 977 4248 R.
1001 4189 1040 4251 N.
1064 4183 1099 4260 5,
1125 4183 1216 4250 1118.

614 4285 688 4351 457.

65 4395 248 4459 Divitiisne
269 4392 404 4452 homines
427 4409 464 4451 au
486 4398 555 4451 sunt
576 4394 686 4453 virtute
708 4395 809 4455 beati?
853 4395 925 4455 Hor.
950 4394 1011 4455 Sat.
1036 4391 1070 4467 2,
1101 4392 1137 4467 6,
1161 4391 1217 4455 74.

972 4495 1013 4555 30
