2978 5048
634 370 839 470 weit..-

684 564 779 628 2251.

420 674 530 734 Radice
553 675 584 733 in
607 676 733 733 Tartara
755 673 860 731 tendit.
905 672 986 745 Virg.
1009 672 1083 730 Aen.
1108 663 1148 740 4,
1174 662 1253 724 446.

687 789 781 852 2252.

377 899 556 973 Rapiamus,
580 898 675 969 amici,

174 999 364 1062 Occasionem
388 1003 424 1062 de
448 1004 512 1074 die,
537 1002 663 1076 dumque
685 1002 783 1060 virent
805 1017 900 1073 genua

258 1105 299 1162 Et
313 1105 407 1179 decet,
429 1107 558 1166 obducta
575 1107 706 1164 solvatur
722 1103 818 1162 fronte
831 1109 988 1163 senectus..
1005 1103 1079 1160 Hor.
1093 1102 1196 1174 Epod.
1216 1097 1269 1172 13,
1284 1095 1310 1160 3.

689 1220 782 1282 2253.

422 1331 503 1389 Rara
526 1336 572 1389 est
595 1328 670 1388 adeo
694 1328 856 1417 concordia
877 1327 990 1386 formae

174 1432 270 1507 Atque
293 1433 471 1506 pudicitiae!
494 1463 537 1472 —
580 1434 647 1493 Juv.
671 1433 732 1492 Sat.
761 1427 815 1501 10,
840 1426 912 1489 297.

689 1565 784 1627 2254.

422 1676 503 1735 Rara
524 1677 555 1734 in
578 1676 659 1734 tenui
684 1673 823 1732 facundia
844 1687 953 1747 pennu.
998 1671 1064 1730 Jnv.
1089 1671 1153 1731 Sat.
1182 1664 1215 1743 7,
1245 1663 1310 1727 145.

692 1789 787 1854 2255.

175 1896 257 1955 Rara
276 1903 374 1955 tamen
398 1898 505 1956 menda
527 1898 618 1957 facies
642 1904 738 1957 caret:
763 1899 866 1955 occule
889 1895 1021 1965 mendas,

262 2000 413 2074 Quamque
436 2008 532 2075 potes,
555 2003 657 2060 vitium
680 2003 815 2075 corporis
840 1999 914 2060 abde
937 2001 994 2058 tui!
1020 1997 1072 2056 Ov.
1087 1997 1123 2057 A.
1138 1998 1177 2056 A.
1195 1992 1227 2069 3,
1243 1992 1312 2054 261.

575 2181 577 2185 .
695 2134 790 2198 2256.

177 2240 257 2298 Rara
279 2285 287 2300 .
312 2285 319 2300 .
344 2284 352 2301 .
376 2287 383 2302 .
408 2243 517 2314 virtus,
542 2263 628 2318 quam
651 2261 711 2302 non
736 2242 855 2301 fortuna
876 2241 1030 2314 gubernet,

267 2343 348 2414 Quae
361 2352 479 2404 maneat
491 2347 599 2417 stabili,
617 2365 681 2405 cum
693 2347 767 2419 fugit
779 2348 841 2417 illa,
854 2346 940 2419 pede.
971 2345 1022 2404 Ov.
1038 2344 1128 2402 Trist.
1144 2337 1179 2412 5,
1200 2337 1250 2413 14,
1267 2337 1317 2400 29.
1358 2370 1360 2375 -

691 2461 786 2529 2257.

177 2569 249 2627 Rari
273 2569 383 2641 qnippe
406 2569 491 2628 boni:
515 2587 653 2628 numerus
676 2571 732 2637 vix,
747 2578 793 2630 est
815 2570 958 2639 totidem,
983 2573 1055 2642 quot

178 2672 346 2731 Thebarum
367 2679 473 2744 portae
495 2675 542 2732 vel
566 2674 665 2733 divitis
688 2674 767 2734 ostia
789 2674 860 2733 Nili.
907 2673 974 2732 Juv.
998 2672 1058 2731 Sat.
1085 2665 1141 2741 13,
1169 2665 1226 2730 26.

697 2808 790 2873 2258.

179 2914 266 2973 Raris
290 2913 384 2974 forma
406 2916 477 2974 viris
501 2917 633 2983 (saecula
654 2915 804 2991 prospice)
900 2962 903 2968 .
985 2899 989 2908 '

179 3018 329 3090 Impunita
350 3016 413 3076 fuit.
436 3046 479 3059 -—
524 3018 591 3080 Seu.
615 3020 706 3092 Hipp.
731 3013 803 3076 820.

696 3135 790 3197 2259.

180 3243 259 3300 Raro
283 3243 505 3302 antecedentem
528 3244 684 3303 scelestum

181 3346 322 3405 Deseruit
344 3346 419 3420 pede
442 3363 541 3421 poena
562 3346 677 3407 claudo.
723 3348 796 3407 Hor.
820 3346 875 3406 0d.
900 3342 932 3418 3,
957 3339 992 3416 2,
1015 3341 1069 3403 31.

696 3462 791 3528 2260.

429 3572 550 3631 Rationi
572 3574 656 3631 nulla
677 3573 822 3631 resistunt

181 3670 317 3732 Claustra
339 3691 395 3733 nec
416 3676 576 3735 immensae
598 3677 706 3748 moles,
731 3676 898 3749 ceduntque
921 3690 1072 3734 recessus:

182 3776 288 3836 Omnia
309 3779 512 3852 succumbunt,
535 3782 630 3854 ipsum
655 3787 701 3839 est
722 3779 906 3854 penetrabile
926 3779 1050 3836 coelum.
1073 3766 1184 3837 Manil.
1201 3778 1326 3839 Astron.

1192 3880 1228 3955 1,
1253 3879 1325 3938 541.

698 3981 793 4046 2261.

181 4086 281 4146 Rebus
304 4091 435 4162 angustis
459 4093 608 4151 animosus
631 4098 720 4167 atque

87 4180 91 4189 ’
182 4189 283 4250 Fortis
307 4209 434 4267 appare:
458 4196 611 4268 sapienter
632 4196 709 4256 idem

183 4292 350 4354 Contrabes
366 4305 453 4356 vento
477 4301 600 4358 nimium
623 4301 753 4359 secundo

336 4401 466 4474 Turgida
486 4404 559 4462 vela.
605 4404 677 4463 Hor.
703 4403 755 4464 Od.
781 4398 816 4474 2,
842 4398 898 4472 16,
922 4397 973 4458 21.
