<?xml version="1.0" encoding="UTF-8"?>
<!DOCTYPE html PUBLIC "-//W3C//DTD XHTML 1.0 Transitional//EN"
    "http://www.w3.org/TR/xhtml1/DTD/xhtml1-transitional.dtd">
<html xmlns="http://www.w3.org/1999/xhtml" xml:lang="en" lang="en">
 <head>
  <title>
</title>
<meta http-equiv="Content-Type" content="text/html;charset=utf-8" />
  <meta name='ocr-system' content='tesseract 3.04.00' />
  <meta name='ocr-capabilities' content='ocr_page ocr_carea ocr_par ocr_line ocrx_word'/>
</head>
<body>
  <div class='ocr_page' id='page_1' title='image "./florilegiumlati00fromgoog_0070.png"; bbox 0 0 2978 5048; ppageno 0'>
   <div class='ocr_carea' id='block_1_1' title="bbox 578 351 684 441">
    <p class='ocr_par' dir='ltr' id='par_1_1' title="bbox 578 351 684 441">
     <span class='ocr_line' id='line_1_1' title="bbox 578 351 684 441; baseline 0.038 -29"><span class='ocrx_word' id='word_1_1' title='bbox 578 351 684 441; x_wconf 13' lang='lat' dir='ltr'><strong>*lo</strong></span> 
     </span>
    </p>
   </div>
   <div class='ocr_carea' id='block_1_2' title="bbox 562 434 766 450">
    <p class='ocr_par' dir='ltr' id='par_1_2' title="bbox 562 434 766 450">
     <span class='ocr_line' id='line_1_2' title="bbox 562 434 766 450; baseline 0.005 -1"><span class='ocrx_word' id='word_1_2' title='bbox 562 434 638 449; x_wconf 66' lang='lat' dir='ltr'><strong>tht</strong></span> <span class='ocrx_word' id='word_1_3' title='bbox 657 436 766 450; x_wconf 59' lang='lat' dir='ltr'><strong>¹=¹ffxlu</strong></span> 
     </span>
    </p>
   </div>
   <div class='ocr_carea' id='block_1_3' title="bbox 28 544 1225 2793">
    <p class='ocr_par' dir='ltr' id='par_1_3' title="bbox 28 544 1225 2793">
     <span class='ocr_line' id='line_1_3' title="bbox 626 544 698 607; baseline 0.042 -3"><span class='ocrx_word' id='word_1_4' title='bbox 626 544 698 607; x_wconf 88' lang='grc'><strong>631.</strong></span> 
     </span>
     <span class='ocr_line' id='line_1_4' title="bbox 341 653 797 720; baseline 0 -10"><span class='ocrx_word' id='word_1_5' title='bbox 341 653 452 711; x_wconf 88' lang='lat' dir='ltr'><strong>Facilis</strong></span> <span class='ocrx_word' id='word_1_6' title='bbox 477 653 637 712; x_wconf 81' lang='lat' dir='ltr'><strong>descensus</strong></span> <span class='ocrx_word' id='word_1_7' title='bbox 660 653 797 720; x_wconf 84' lang='lat' dir='ltr'><strong>Avern03</strong></span> 
     </span>
     <span class='ocr_line' id='line_1_5' title="bbox 84 755 816 829; baseline -0.003 -15"><span class='ocrx_word' id='word_1_8' title='bbox 84 756 201 814; x_wconf 83' lang='lat' dir='ltr'><strong>Noctes</strong></span> <span class='ocrx_word' id='word_1_9' title='bbox 226 760 314 828; x_wconf 87' lang='lat' dir='ltr'><strong>atque</strong></span> <span class='ocrx_word' id='word_1_10' title='bbox 332 755 395 813; x_wconf 90' lang='lat' dir='ltr'><strong>dies</strong></span> <span class='ocrx_word' id='word_1_11' title='bbox 418 761 504 829; x_wconf 88' lang='lat' dir='ltr'><strong>patet</strong></span> <span class='ocrx_word' id='word_1_12' title='bbox 527 757 585 815; x_wconf 87' lang='lat' dir='ltr'><strong>atri</strong></span> <span class='ocrx_word' id='word_1_13' title='bbox 604 759 699 828; x_wconf 90' lang='lat' dir='ltr'><strong>janua</strong></span> <span class='ocrx_word' id='word_1_14' title='bbox 720 755 816 812; x_wconf 87' lang='lat' dir='ltr'><strong>Ditis:</strong></span> 
     </span>
     <span class='ocr_line' id='line_1_6' title="bbox 83 857 993 935; baseline 0.002 -19"><span class='ocrx_word' id='word_1_15' title='bbox 83 859 148 917; x_wconf 89' lang='lat' dir='ltr'><strong>Sed</strong></span> <span class='ocrx_word' id='word_1_16' title='bbox 172 874 313 918; x_wconf 86' lang='lat' dir='ltr'><strong>revocare</strong></span> <span class='ocrx_word' id='word_1_17' title='bbox 336 860 458 932; x_wconf 85' lang='lat' dir='ltr'><strong>gradum</strong></span> <span class='ocrx_word' id='word_1_18' title='bbox 481 875 662 934; x_wconf 89' lang='lat' dir='ltr'><strong>superasque</strong></span> <span class='ocrx_word' id='word_1_19' title='bbox 685 858 810 935; x_wconf 75' lang='lat' dir='ltr'><strong>euadere</strong></span> <span class='ocrx_word' id='word_1_20' title='bbox 834 857 871 916; x_wconf 89' lang='lat' dir='ltr'><strong>ad</strong></span> <span class='ocrx_word' id='word_1_21' title='bbox 895 876 993 929; x_wconf 87' lang='lat' dir='ltr'><strong>auras,</strong></span> 
     </span>
     <span class='ocr_line' id='line_1_7' title="bbox 85 956 971 1035; baseline 0 -14"><span class='ocrx_word' id='word_1_22' title='bbox 85 963 156 1021; x_wconf 90' lang='lat' dir='ltr'><strong>Hoc</strong></span> <span class='ocrx_word' id='word_1_23' title='bbox 179 978 271 1035; x_wconf 84' lang='lat' dir='ltr'><strong>apua,</strong></span> <span class='ocrx_word' id='word_1_24' title='bbox 294 963 343 1022; x_wconf 92' lang='lat' dir='ltr'><strong>hic</strong></span> <span class='ocrx_word' id='word_1_25' title='bbox 365 964 450 1022; x_wconf 89' lang='lat' dir='ltr'><strong>labor</strong></span> <span class='ocrx_word' id='word_1_26' title='bbox 472 971 526 1023; x_wconf 84' lang='lat' dir='ltr'><strong>est.</strong></span> <span class='ocrx_word' id='word_1_27' title='bbox 551 991 592 1002; x_wconf 84' lang='lat'><em>-</em></span> <span class='ocrx_word' id='word_1_28' title='bbox 635 962 715 1034; x_wconf 81' lang='lat' dir='ltr'><strong>Virg.</strong></span> <span class='ocrx_word' id='word_1_29' title='bbox 739 963 814 1021; x_wconf 81' lang='lat' dir='ltr'><strong>Aen.</strong></span> <span class='ocrx_word' id='word_1_30' title='bbox 839 958 873 1033; x_wconf 87' lang='grc'><strong>6,</strong></span> <span class='ocrx_word' id='word_1_31' title='bbox 902 956 971 1021; x_wconf 92' lang='grc'><strong>126.</strong></span> 
     </span>
     <span class='ocr_line' id='line_1_8' title="bbox 622 1060 694 1125; baseline 0.056 -4"><span class='ocrx_word' id='word_1_32' title='bbox 622 1060 694 1125; x_wconf 92' lang='grc'><strong>632.</strong></span> 
     </span>
     <span class='ocr_line' id='line_1_9' title="bbox 85 1167 959 1243; baseline 0 -17"><span class='ocrx_word' id='word_1_33' title='bbox 85 1167 242 1237; x_wconf 54' lang='lat' dir='ltr'><strong>Faenium</strong></span> <span class='ocrx_word' id='word_1_34' title='bbox 265 1168 290 1225; x_wconf 91' lang='lat' dir='ltr'><strong>si</strong></span> <span class='ocrx_word' id='word_1_35' title='bbox 314 1169 365 1241; x_wconf 90' lang='lat' dir='ltr'><strong>qui</strong></span> <span class='ocrx_word' id='word_1_36' title='bbox 390 1170 457 1242; x_wconf 91' lang='lat' dir='ltr'><strong>pius</strong></span> <span class='ocrx_word' id='word_1_37' title='bbox 480 1175 544 1238; x_wconf 80' lang='lat' dir='ltr'><strong>est,</strong></span> <span class='ocrx_word' id='word_1_38' title='bbox 569 1187 587 1228; x_wconf 92' lang='lat' dir='ltr'><strong>a</strong></span> <span class='ocrx_word' id='word_1_39' title='bbox 610 1169 654 1227; x_wconf 91' lang='lat' dir='ltr'><strong>dis</strong></span> <span class='ocrx_word' id='word_1_40' title='bbox 678 1170 859 1243; x_wconf 65' lang='lat' dir='ltr'><strong>supplicans</strong></span> <span class='ocrx_word' id='word_1_41' title='bbox 952 1168 959 1179; x_wconf 93' lang='lat'>&#39;</span> 
     </span>
     <span class='ocr_line' id='line_1_10' title="bbox 86 1271 895 1344; baseline 0.004 -15"><span class='ocrx_word' id='word_1_42' title='bbox 86 1272 183 1342; x_wconf 76' lang='lat' dir='ltr'><strong>Quam</strong></span> <span class='ocrx_word' id='word_1_43' title='bbox 210 1271 261 1344; x_wconf 91' lang='lat' dir='ltr'><strong>qui</strong></span> <span class='ocrx_word' id='word_1_44' title='bbox 284 1274 425 1331; x_wconf 89' lang='lat' dir='ltr'><strong>scelestus</strong></span> <span class='ocrx_word' id='word_1_45' title='bbox 449 1279 509 1341; x_wconf 87' lang='lat' dir='ltr'><strong>est,</strong></span> <span class='ocrx_word' id='word_1_46' title='bbox 533 1273 667 1331; x_wconf 88' lang='lat' dir='ltr'><strong>iuveniat</strong></span> <span class='ocrx_word' id='word_1_47' title='bbox 689 1273 805 1331; x_wconf 87' lang='lat' dir='ltr'><strong>veniam</strong></span> <span class='ocrx_word' id='word_1_48' title='bbox 828 1272 895 1332; x_wconf 91' lang='lat' dir='ltr'><strong>sibi.</strong></span> 
     </span>
     <span class='ocr_line' id='line_1_11' title="bbox 86 1374 849 1449; baseline 0.003 -19"><span class='ocrx_word' id='word_1_49' title='bbox 86 1374 208 1431; x_wconf 78' lang='lat' dir='ltr'><strong>Idcirco</strong></span> <span class='ocrx_word' id='word_1_50' title='bbox 230 1389 336 1433; x_wconf 90' lang='lat' dir='ltr'><strong>moneo</strong></span> <span class='ocrx_word' id='word_1_51' title='bbox 359 1391 410 1434; x_wconf 93' lang='lat' dir='ltr'><strong>vos</strong></span> <span class='ocrx_word' id='word_1_52' title='bbox 435 1393 489 1449; x_wconf 81' lang='lat' dir='ltr'><strong>ego</strong></span> <span class='ocrx_word' id='word_1_53' title='bbox 512 1376 584 1444; x_wconf 87' lang='lat' dir='ltr'><strong>hoc,</strong></span> <span class='ocrx_word' id='word_1_54' title='bbox 609 1377 660 1447; x_wconf 89' lang='lat' dir='ltr'><strong>qui</strong></span> <span class='ocrx_word' id='word_1_55' title='bbox 683 1377 755 1434; x_wconf 88' lang='lat' dir='ltr'><strong>estis</strong></span> <span class='ocrx_word' id='word_1_56' title='bbox 778 1376 849 1432; x_wconf 92' lang='lat' dir='ltr'><strong>boni</strong></span> 
     </span>
     <span class='ocr_line' id='line_1_12' title="bbox 89 1477 924 1552; baseline 0 -17"><span class='ocrx_word' id='word_1_57' title='bbox 89 1477 206 1550; x_wconf 77' lang='lat' dir='ltr'><strong>Quique</strong></span> <span class='ocrx_word' id='word_1_58' title='bbox 230 1483 358 1537; x_wconf 89' lang='lat' dir='ltr'><strong>aetatem</strong></span> <span class='ocrx_word' id='word_1_59' title='bbox 380 1481 466 1552; x_wconf 78' lang='lat' dir='ltr'><strong>agitis</strong></span> <span class='ocrx_word' id='word_1_60' title='bbox 490 1496 553 1536; x_wconf 88' lang='lat' dir='ltr'><strong>cum</strong></span> <span class='ocrx_word' id='word_1_61' title='bbox 577 1479 689 1550; x_wconf 88' lang='lat' dir='ltr'><strong>pietate</strong></span> <span class='ocrx_word' id='word_1_62' title='bbox 713 1484 744 1536; x_wconf 92' lang='lat' dir='ltr'><strong>et</strong></span> <span class='ocrx_word' id='word_1_63' title='bbox 767 1495 831 1537; x_wconf 90' lang='lat' dir='ltr'><strong>cum</strong></span> <span class='ocrx_word' id='word_1_64' title='bbox 854 1477 924 1535; x_wconf 91' lang='lat' dir='ltr'><strong>fide:</strong></span> 
     </span>
     <span class='ocr_line' id='line_1_13' title="bbox 91 1579 1224 1654; baseline 0.005 -16"><span class='ocrx_word' id='word_1_65' title='bbox 91 1581 229 1639; x_wconf 86' lang='lat' dir='ltr'><strong>Retinete</strong></span> <span class='ocrx_word' id='word_1_66' title='bbox 251 1597 352 1654; x_wconf 90' lang='lat' dir='ltr'><strong>porro,</strong></span> <span class='ocrx_word' id='word_1_67' title='bbox 375 1588 443 1654; x_wconf 89' lang='lat' dir='ltr'><strong>post</strong></span> <span class='ocrx_word' id='word_1_68' title='bbox 464 1582 573 1640; x_wconf 87' lang='lat' dir='ltr'><strong>factum</strong></span> <span class='ocrx_word' id='word_1_69' title='bbox 597 1588 629 1638; x_wconf 89' lang='lat' dir='ltr'><strong>ut</strong></span> <span class='ocrx_word' id='word_1_70' title='bbox 651 1582 810 1640; x_wconf 83' lang='lat' dir='ltr'><strong>laetemini.</strong></span> <span class='ocrx_word' id='word_1_71' title='bbox 846 1583 942 1641; x_wconf 84' lang='lat' dir='ltr'><strong>Plani.</strong></span> <span class='ocrx_word' id='word_1_72' title='bbox 966 1581 1044 1640; x_wconf 85' lang='lat' dir='ltr'><strong>Rud.</strong></span> <span class='ocrx_word' id='word_1_73' title='bbox 1068 1583 1148 1643; x_wconf 91' lang='lat' dir='ltr'><strong>Prol.</strong></span> <span class='ocrx_word' id='word_1_74' title='bbox 1174 1579 1224 1644; x_wconf 88' lang='grc'><strong>26.</strong></span> 
     </span>
     <span class='ocr_line' id='line_1_14' title="bbox 618 1679 691 1744; baseline 0.055 -4"><span class='ocrx_word' id='word_1_75' title='bbox 618 1679 691 1744; x_wconf 90' lang='grc'><strong>633.</strong></span> 
     </span>
     <span class='ocr_line' id='line_1_15' title="bbox 341 1787 727 1863; baseline 0.008 -18"><span class='ocrx_word' id='word_1_76' title='bbox 341 1787 470 1847; x_wconf 82' lang='lat' dir='ltr'><strong>Facinus</strong></span> <span class='ocrx_word' id='word_1_77' title='bbox 494 1790 590 1849; x_wconf 87' lang='lat' dir='ltr'><strong>audax</strong></span> <span class='ocrx_word' id='word_1_78' title='bbox 612 1791 727 1863; x_wconf 82' lang='lat' dir='ltr'><strong>incipit,</strong></span> 
     </span>
     <span class='ocr_line' id='line_1_16' title="bbox 85 1891 1224 1970; baseline 0.005 -21"><span class='ocrx_word' id='word_1_79' title='bbox 85 1891 146 1963; x_wconf 80' lang='lat' dir='ltr'><strong>Qui</strong></span> <span class='ocrx_word' id='word_1_80' title='bbox 170 1908 236 1948; x_wconf 89' lang='lat' dir='ltr'><strong>cum</strong></span> <span class='ocrx_word' id='word_1_81' title='bbox 260 1892 401 1963; x_wconf 87' lang='lat' dir='ltr'><strong>opulento</strong></span> <span class='ocrx_word' id='word_1_82' title='bbox 423 1909 539 1965; x_wconf 83' lang='lat' dir='ltr'><strong>pauper</strong></span> <span class='ocrx_word' id='word_1_83' title='bbox 562 1894 680 1952; x_wconf 89' lang='lat' dir='ltr'><strong>homine</strong></span> <span class='ocrx_word' id='word_1_84' title='bbox 711 1894 810 1965; x_wconf 88' lang='lat' dir='ltr'><strong>coepit</strong></span> <span class='ocrx_word' id='word_1_85' title='bbox 839 1910 899 1951; x_wconf 89' lang='lat' dir='ltr'><strong>rem</strong></span> <span class='ocrx_word' id='word_1_86' title='bbox 929 1893 1039 1951; x_wconf 84' lang='lat' dir='ltr'><strong>habere</strong></span> <span class='ocrx_word' id='word_1_87' title='bbox 1063 1903 1114 1953; x_wconf 88' lang='lat' dir='ltr'><strong>aut</strong></span> <span class='ocrx_word' id='word_1_88' title='bbox 1136 1913 1224 1970; x_wconf 81' lang='lat' dir='ltr'><strong>nego-</strong></span> 
     </span>
     <span class='ocr_line' id='line_1_17' title="bbox 741 1995 1224 2072; baseline 0.004 -18"><span class='ocrx_word' id='word_1_89' title='bbox 741 1998 822 2056; x_wconf 83' lang='lat' dir='ltr'><strong>tium.</strong></span> <span class='ocrx_word' id='word_1_90' title='bbox 868 1997 964 2054; x_wconf 90' lang='lat' dir='ltr'><strong>Plaut.</strong></span> <span class='ocrx_word' id='word_1_91' title='bbox 987 1999 1053 2058; x_wconf 87' lang='lat' dir='ltr'><strong>Aul.</strong></span> <span class='ocrx_word' id='word_1_92' title='bbox 1078 1995 1112 2069; x_wconf 88' lang='grc'><strong>3,</strong></span> <span class='ocrx_word' id='word_1_93' title='bbox 1136 1999 1171 2072; x_wconf 87' lang='grc'><strong>4,</strong></span> <span class='ocrx_word' id='word_1_94' title='bbox 1198 1999 1224 2062; x_wconf 93' lang='grc'><strong>1,</strong></span> 
     </span>
     <span class='ocr_line' id='line_1_18' title="bbox 621 2094 694 2160; baseline 0.068 -5"><span class='ocrx_word' id='word_1_95' title='bbox 621 2094 694 2160; x_wconf 88' lang='grc'><strong>634.</strong></span> 
     </span>
     <span class='ocr_line' id='line_1_19' title="bbox 339 2198 1047 2273; baseline 0.006 -13"><span class='ocrx_word' id='word_1_96' title='bbox 339 2202 427 2260; x_wconf 84' lang='lat' dir='ltr'><strong>Facit</strong></span> <span class='ocrx_word' id='word_1_97' title='bbox 448 2203 496 2261; x_wconf 91' lang='lat' dir='ltr'><strong>ira</strong></span> <span class='ocrx_word' id='word_1_98' title='bbox 518 2205 673 2262; x_wconf 86' lang='lat' dir='ltr'><strong>valentem.</strong></span> <span class='ocrx_word' id='word_1_99' title='bbox 719 2202 772 2262; x_wconf 88' lang='lat' dir='ltr'><strong>Ov.</strong></span> <span class='ocrx_word' id='word_1_100' title='bbox 795 2202 869 2260; x_wconf 90' lang='lat' dir='ltr'><strong>Met.</strong></span> <span class='ocrx_word' id='word_1_101' title='bbox 897 2198 949 2273; x_wconf 88' lang='grc'><strong>13,</strong></span> <span class='ocrx_word' id='word_1_102' title='bbox 975 2200 1047 2265; x_wconf 85' lang='grc'><strong>562.</strong></span> 
     </span>
     <span class='ocr_line' id='line_1_20' title="bbox 621 2300 693 2361; baseline 0 -1"><span class='ocrx_word' id='word_1_103' title='bbox 621 2300 693 2361; x_wconf 80' lang='grc'><strong>636.</strong></span> 
     </span>
     <span class='ocr_line' id='line_1_21' title="bbox 82 2408 1172 2482; baseline 0.006 -17"><span class='ocrx_word' id='word_1_104' title='bbox 82 2408 150 2465; x_wconf 84' lang='lat' dir='ltr'><strong>Fac</strong></span> <span class='ocrx_word' id='word_1_105' title='bbox 172 2424 255 2465; x_wconf 86' lang='lat' dir='ltr'><strong>meus</strong></span> <span class='ocrx_word' id='word_1_106' title='bbox 278 2408 308 2466; x_wconf 93' lang='lat' dir='ltr'><strong>in</strong></span> <span class='ocrx_word' id='word_1_107' title='bbox 333 2416 436 2467; x_wconf 85' lang='lat' dir='ltr'><strong>ventos</strong></span> <span class='ocrx_word' id='word_1_108' title='bbox 460 2409 509 2467; x_wconf 91' lang='lat' dir='ltr'><strong>hic</strong></span> <span class='ocrx_word' id='word_1_109' title='bbox 531 2410 622 2467; x_wconf 90' lang='lat' dir='ltr'><strong>timor</strong></span> <span class='ocrx_word' id='word_1_110' title='bbox 644 2409 739 2466; x_wconf 90' lang='lat' dir='ltr'><strong>omnis</strong></span> <span class='ocrx_word' id='word_1_111' title='bbox 762 2415 821 2469; x_wconf 83' lang='lat' dir='ltr'><strong>eat.</strong></span> <span class='ocrx_word' id='word_1_112' title='bbox 867 2411 919 2470; x_wconf 89' lang='lat' dir='ltr'><strong>Ov.</strong></span> <span class='ocrx_word' id='word_1_113' title='bbox 944 2411 1015 2469; x_wconf 92' lang='lat' dir='ltr'><strong>Her.</strong></span> <span class='ocrx_word' id='word_1_114' title='bbox 1044 2408 1172 2482; x_wconf 83' lang='grc'><strong>13,·92.</strong></span> 
     </span>
     <span class='ocr_line' id='line_1_22' title="bbox 618 2506 692 2570; baseline 0.068 -5"><span class='ocrx_word' id='word_1_115' title='bbox 618 2506 692 2570; x_wconf 92' lang='grc'><strong>636.</strong></span> 
     </span>
     <span class='ocr_line' id='line_1_23' title="bbox 83 2615 878 2688; baseline 0.005 -15"><span class='ocrx_word' id='word_1_116' title='bbox 83 2616 182 2674; x_wconf 87' lang='lat' dir='ltr'><strong>Facta</strong></span> <span class='ocrx_word' id='word_1_117' title='bbox 205 2615 288 2673; x_wconf 89' lang='lat' dir='ltr'><strong>ducis</strong></span> <span class='ocrx_word' id='word_1_118' title='bbox 312 2616 411 2673; x_wconf 84' lang='lat' dir='ltr'><strong>vivent</strong></span> <span class='ocrx_word' id='word_1_119' title='bbox 434 2631 623 2688; x_wconf 88' lang='lat' dir='ltr'><strong>operosaque</strong></span> <span class='ocrx_word' id='word_1_120' title='bbox 647 2617 744 2687; x_wconf 85' lang='lat' dir='ltr'><strong>gloria</strong></span> <span class='ocrx_word' id='word_1_121' title='bbox 765 2635 878 2676; x_wconf 88' lang='lat' dir='ltr'><strong>rerum:</strong></span> 
     </span>
     <span class='ocr_line' id='line_1_24' title="bbox 28 2694 1225 2793; baseline 0.006 -18"><span class='ocrx_word' id='word_1_122' title='bbox 28 2694 32 2703; x_wconf 40' lang='lat'>¹</span> <span class='ocrx_word' id='word_1_123' title='bbox 174 2719 256 2777; x_wconf 84' lang='lat' dir='ltr'><strong>Haeo</strong></span> <span class='ocrx_word' id='word_1_124' title='bbox 279 2725 392 2788; x_wconf 86' lang='lat' dir='ltr'><strong>manet,</strong></span> <span class='ocrx_word' id='word_1_125' title='bbox 416 2719 491 2775; x_wconf 83' lang='lat' dir='ltr'><strong>hacc</strong></span> <span class='ocrx_word' id='word_1_126' title='bbox 514 2719 616 2776; x_wconf 89' lang='lat' dir='ltr'><strong>avidos</strong></span> <span class='ocrx_word' id='word_1_127' title='bbox 639 2719 740 2790; x_wconf 79' lang='lat' dir='ltr'><strong>effugit</strong></span> <span class='ocrx_word' id='word_1_128' title='bbox 762 2739 820 2779; x_wconf 87' lang='lat' dir='ltr'><strong>une</strong></span> <span class='ocrx_word' id='word_1_129' title='bbox 842 2738 941 2793; x_wconf 80' lang='lat' dir='ltr'><strong>rogos,</strong></span> <span class='ocrx_word' id='word_1_130' title='bbox 974 2723 1026 2781; x_wconf 89' lang='lat' dir='ltr'><strong>Ov.</strong></span> <span class='ocrx_word' id='word_1_131' title='bbox 1050 2721 1140 2783; x_wconf 85' lang='lat' dir='ltr'><strong>Cous.</strong></span> <span class='ocrx_word' id='word_1_132' title='bbox 1159 2723 1225 2783; x_wconf 84' lang='lat' dir='ltr'><strong>Liv.</strong></span> 
     </span>
    </p>
   </div>
   <div class='ocr_carea' id='block_1_4' title="bbox 1051 2821 1223 2898">
    <p class='ocr_par' dir='ltr' id='par_1_4' title="bbox 1051 2821 1223 2898">
     <span class='ocr_line' id='line_1_25' title="bbox 1051 2821 1223 2898; baseline 0 -15"><span class='ocrx_word' id='word_1_133' title='bbox 1051 2828 1126 2898; x_wconf 83' lang='lat' dir='ltr'><strong>Aug.</strong></span> <span class='ocrx_word' id='word_1_134' title='bbox 1151 2821 1223 2883; x_wconf 82' lang='grc'><strong>265.</strong></span> 
     </span>
    </p>
   </div>
   <div class='ocr_carea' id='block_1_5' title="bbox 82 2919 1223 3409">
    <p class='ocr_par' dir='ltr' id='par_1_5' title="bbox 82 2919 1223 3409">
     <span class='ocr_line' id='line_1_26' title="bbox 617 2919 776 2985; baseline 0.013 -5"><span class='ocrx_word' id='word_1_135' title='bbox 617 2919 690 2985; x_wconf 86' lang='grc'><strong>637.</strong></span> <span class='ocrx_word' id='word_1_136' title='bbox 773 2967 776 2972; x_wconf 79' lang='lat'><em>.</em></span> 
     </span>
     <span class='ocr_line' id='line_1_27' title="bbox 84 3027 1223 3105; baseline 0.008 -19"><span class='ocrx_word' id='word_1_137' title='bbox 84 3029 150 3087; x_wconf 79' lang='lat' dir='ltr'><strong>Fac</strong></span> <span class='ocrx_word' id='word_1_138' title='bbox 172 3032 286 3086; x_wconf 86' lang='lat' dir='ltr'><strong>tantum</strong></span> <span class='ocrx_word' id='word_1_139' title='bbox 309 3027 451 3100; x_wconf 89' lang='lat' dir='ltr'><strong>incipias,</strong></span> <span class='ocrx_word' id='word_1_140' title='bbox 487 3035 593 3100; x_wconf 90' lang='lat' dir='ltr'><strong>sponte</strong></span> <span class='ocrx_word' id='word_1_141' title='bbox 617 3031 745 3087; x_wconf 88' lang='lat' dir='ltr'><strong>disertus</strong></span> <span class='ocrx_word' id='word_1_142' title='bbox 769 3031 837 3091; x_wconf 87' lang='lat' dir='ltr'><strong>eris.</strong></span> <span class='ocrx_word' id='word_1_143' title='bbox 892 3033 945 3091; x_wconf 89' lang='lat' dir='ltr'><strong>Ov.</strong></span> <span class='ocrx_word' id='word_1_144' title='bbox 969 3034 1004 3090; x_wconf 84' lang='lat' dir='ltr'><strong>A.</strong></span> <span class='ocrx_word' id='word_1_145' title='bbox 1028 3033 1063 3090; x_wconf 85' lang='grc' dir='ltr'><strong>Α.</strong></span> <span class='ocrx_word' id='word_1_146' title='bbox 1091 3030 1125 3105; x_wconf 90' lang='grc'><strong>1,</strong></span> <span class='ocrx_word' id='word_1_147' title='bbox 1150 3029 1223 3096; x_wconf 88' lang='grc'><strong>610.</strong></span> 
     </span>
     <span class='ocr_line' id='line_1_28' title="bbox 618 3120 1032 3193; baseline 0.01 -5"><span class='ocrx_word' id='word_1_148' title='bbox 618 3128 691 3193; x_wconf 87' lang='grc'><strong>638.</strong></span> <span class='ocrx_word' id='word_1_149' title='bbox 1026 3120 1032 3131; x_wconf 73' lang='grc'><strong>’</strong></span> 
     </span>
     <span class='ocr_line' id='line_1_29' title="bbox 82 3233 917 3307; baseline 0.005 -15"><span class='ocrx_word' id='word_1_150' title='bbox 82 3234 151 3292; x_wconf 86' lang='lat' dir='ltr'><strong>Fac</strong></span> <span class='ocrx_word' id='word_1_151' title='bbox 172 3233 227 3292; x_wconf 87' lang='lat' dir='ltr'><strong>tibi</strong></span> <span class='ocrx_word' id='word_1_152' title='bbox 249 3249 400 3307; x_wconf 89' lang='lat' dir='ltr'><strong>proponas</strong></span> <span class='ocrx_word' id='word_1_153' title='bbox 424 3240 546 3293; x_wconf 88' lang='lat' dir='ltr'><strong>mortem</strong></span> <span class='ocrx_word' id='word_1_154' title='bbox 569 3252 628 3294; x_wconf 91' lang='lat' dir='ltr'><strong>uon</strong></span> <span class='ocrx_word' id='word_1_155' title='bbox 653 3254 718 3296; x_wconf 86' lang='lat' dir='ltr'><strong>esse</strong></span> <span class='ocrx_word' id='word_1_156' title='bbox 742 3238 917 3297; x_wconf 86' lang='lat' dir='ltr'><strong>timendam:</strong></span> 
     </span>
     <span class='ocr_line' id='line_1_30' title="bbox 83 3337 1222 3409; baseline 0.011 -14"><span class='ocrx_word' id='word_1_157' title='bbox 83 3338 172 3408; x_wconf 73' lang='lat' dir='ltr'><strong>Quae</strong></span> <span class='ocrx_word' id='word_1_158' title='bbox 194 3337 273 3396; x_wconf 91' lang='lat' dir='ltr'><strong>bona</strong></span> <span class='ocrx_word' id='word_1_159' title='bbox 296 3339 321 3395; x_wconf 89' lang='lat' dir='ltr'><strong>si</strong></span> <span class='ocrx_word' id='word_1_160' title='bbox 344 3355 403 3396; x_wconf 89' lang='lat' dir='ltr'><strong>uon</strong></span> <span class='ocrx_word' id='word_1_161' title='bbox 428 3346 482 3409; x_wconf 88' lang='lat' dir='ltr'><strong>est,</strong></span> <span class='ocrx_word' id='word_1_162' title='bbox 506 3337 573 3397; x_wconf 89' lang='lat' dir='ltr'><strong>finis</strong></span> <span class='ocrx_word' id='word_1_163' title='bbox 597 3345 694 3400; x_wconf 88' lang='lat' dir='ltr'><strong>tamen</strong></span> <span class='ocrx_word' id='word_1_164' title='bbox 717 3343 770 3400; x_wconf 93' lang='lat' dir='ltr'><strong>illa</strong></span> <span class='ocrx_word' id='word_1_165' title='bbox 792 3345 937 3401; x_wconf 92' lang='lat' dir='ltr'><strong>malorum</strong></span> <span class='ocrx_word' id='word_1_166' title='bbox 962 3351 1017 3405; x_wconf 84' lang='lat' dir='ltr'><strong>est.</strong></span> <span class='ocrx_word' id='word_1_167' title='bbox 1056 3345 1120 3406; x_wconf 81' lang='lat' dir='ltr'><strong>Cat.</strong></span> <span class='ocrx_word' id='word_1_168' title='bbox 1137 3348 1222 3408; x_wconf 79' lang='lat' dir='ltr'><strong>¹Ilist.</strong></span> 
     </span>
    </p>
   </div>
   <div class='ocr_carea' id='block_1_6' title="bbox 1111 3447 1222 3523">
    <p class='ocr_par' dir='ltr' id='par_1_6' title="bbox 1111 3447 1222 3523">
     <span class='ocr_line' id='line_1_31' title="bbox 1111 3447 1222 3523; baseline 0.045 -16"><span class='ocrx_word' id='word_1_169' title='bbox 1111 3447 1147 3523; x_wconf 88' lang='lat'><strong>3,</strong></span> <span class='ocrx_word' id='word_1_170' title='bbox 1171 3447 1222 3513; x_wconf 83' lang='grc'><strong>23.</strong></span> 
     </span>
    </p>
   </div>
   <div class='ocr_carea' id='block_1_7' title="bbox 81 3542 1221 4335">
    <p class='ocr_par' dir='ltr' id='par_1_7' title="bbox 81 3542 1221 4335">
     <span class='ocr_line' id='line_1_32' title="bbox 618 3542 691 3610; baseline 0.096 -8"><span class='ocrx_word' id='word_1_171' title='bbox 618 3542 691 3610; x_wconf 87' lang='grc'><strong>639.</strong></span> 
     </span>
     <span class='ocr_line' id='line_1_33' title="bbox 338 3622 1221 3731; baseline 0.015 -27"><span class='ocrx_word' id='word_1_172' title='bbox 338 3647 424 3706; x_wconf 87' lang='lat' dir='ltr'><strong>Facti</strong></span> <span class='ocrx_word' id='word_1_173' title='bbox 447 3650 571 3709; x_wconf 85' lang='lat' dir='ltr'><strong>crimina</strong></span> <span class='ocrx_word' id='word_1_174' title='bbox 593 3652 689 3711; x_wconf 89' lang='lat' dir='ltr'><strong>lumen</strong></span> <span class='ocrx_word' id='word_1_175' title='bbox 714 3652 813 3713; x_wconf 85' lang='lat' dir='ltr'><strong>habet.</strong></span> <span class='ocrx_word' id='word_1_176' title='bbox 848 3655 938 3729; x_wconf 85' lang='lat' dir='ltr'><strong>Prop.</strong></span> <span class='ocrx_word' id='word_1_177' title='bbox 963 3622 1054 3731; x_wconf 78' lang='lat' dir='ltr'><strong>Eleg.¹</strong></span> <span class='ocrx_word' id='word_1_178' title='bbox 1064 3654 1093 3731; x_wconf 90' lang='grc'><strong>2,</strong></span> <span class='ocrx_word' id='word_1_179' title='bbox 1107 3656 1157 3731; x_wconf 89' lang='grc'><strong>23,</strong></span> <span class='ocrx_word' id='word_1_180' title='bbox 1171 3657 1221 3723; x_wconf 89' lang='grc'><strong>22,</strong></span> 
     </span>
     <span class='ocr_line' id='line_1_34' title="bbox 618 3752 690 3818; baseline 0.097 -7"><span class='ocrx_word' id='word_1_181' title='bbox 618 3752 690 3818; x_wconf 85' lang='grc'><strong>646.</strong></span> 
     </span>
     <span class='ocr_line' id='line_1_35' title="bbox 81 3853 1112 3936; baseline 0.014 -24"><span class='ocrx_word' id='word_1_182' title='bbox 81 3854 211 3912; x_wconf 88' lang='lat' dir='ltr'><strong>Factum</strong></span> <span class='ocrx_word' id='word_1_183' title='bbox 235 3853 320 3913; x_wconf 86' lang='lat' dir='ltr'><strong>abiit:</strong></span> <span class='ocrx_word' id='word_1_184' title='bbox 344 3864 534 3917; x_wconf 88' lang='lat' dir='ltr'><strong>monumenta</strong></span> <span class='ocrx_word' id='word_1_185' title='bbox 555 3869 685 3921; x_wconf 87' lang='lat' dir='ltr'><strong>manent.</strong></span> <span class='ocrx_word' id='word_1_186' title='bbox 711 3892 751 3902; x_wconf 93' lang='lat'><em>-</em></span> <span class='ocrx_word' id='word_1_187' title='bbox 796 3865 848 3924; x_wconf 88' lang='lat' dir='ltr'><strong>Ov.</strong></span> <span class='ocrx_word' id='word_1_188' title='bbox 871 3866 953 3925; x_wconf 81' lang='lat' dir='ltr'><strong>Fast.</strong></span> <span class='ocrx_word' id='word_1_189' title='bbox 979 3863 1015 3936; x_wconf 84' lang='lat'><strong>4,</strong></span> <span class='ocrx_word' id='word_1_190' title='bbox 1041 3865 1112 3928; x_wconf 79' lang='lat'><strong>709.</strong></span> 
     </span>
     <span class='ocr_line' id='line_1_36' title="bbox 619 3959 691 4027; baseline 0.097 -8"><span class='ocrx_word' id='word_1_191' title='bbox 619 3959 691 4027; x_wconf 91' lang='grc'><strong>641.</strong></span> 
     </span>
     <span class='ocr_line' id='line_1_37' title="bbox 81 4056 912 4145; baseline 0.019 -28"><span class='ocrx_word' id='word_1_192' title='bbox 81 4061 203 4118; x_wconf 80' lang='lat' dir='ltr'><strong>Fallere</strong></span> <span class='ocrx_word' id='word_1_193' title='bbox 225 4062 393 4120; x_wconf 89' lang='lat' dir='ltr'><strong>credentem</strong></span> <span class='ocrx_word' id='word_1_194' title='bbox 415 4080 474 4122; x_wconf 90' lang='lat' dir='ltr'><strong>non</strong></span> <span class='ocrx_word' id='word_1_195' title='bbox 498 4070 544 4124; x_wconf 90' lang='lat' dir='ltr'><strong>est</strong></span> <span class='ocrx_word' id='word_1_196' title='bbox 567 4082 696 4140; x_wconf 87' lang='lat' dir='ltr'><strong>operosa</strong></span> <span class='ocrx_word' id='word_1_197' title='bbox 718 4056 848 4144; x_wconf 79' lang='lat' dir='ltr'><strong>puellam</strong></span> <span class='ocrx_word' id='word_1_198' title='bbox 909 4140 912 4145; x_wconf 55' lang='grc'><em>,</em></span> 
     </span>
     <span class='ocr_line' id='line_1_38' title="bbox 176 4163 681 4242; baseline 0.018 -20"><span class='ocrx_word' id='word_1_199' title='bbox 176 4163 288 4226; x_wconf 83' lang='lat' dir='ltr'><strong>Gloria.</strong></span> <span class='ocrx_word' id='word_1_200' title='bbox 310 4196 352 4204; x_wconf 93' lang='lat'><em>-</em></span> <span class='ocrx_word' id='word_1_201' title='bbox 397 4168 449 4227; x_wconf 83' lang='lat' dir='ltr'><strong>Ov.</strong></span> <span class='ocrx_word' id='word_1_202' title='bbox 473 4171 545 4230; x_wconf 87' lang='lat' dir='ltr'><strong>Her.</strong></span> <span class='ocrx_word' id='word_1_203' title='bbox 569 4166 603 4242; x_wconf 89' lang='grc'><strong>2,</strong></span> <span class='ocrx_word' id='word_1_204' title='bbox 628 4167 681 4231; x_wconf 92' lang='grc'><strong>63.</strong></span> 
     </span>
     <span class='ocr_line' id='line_1_39' title="bbox 615 4272 688 4335; baseline 0.027 -2"><span class='ocrx_word' id='word_1_205' title='bbox 615 4272 688 4335; x_wconf 90' lang='grc'><strong>642.</strong></span> 
     </span>
    </p>
   </div>
   <div class='ocr_carea' id='block_1_8' title="bbox 82 4371 1218 4542">
    <p class='ocr_par' dir='ltr' id='par_1_8' title="bbox 82 4371 1218 4542">
     <span class='ocr_line' id='line_1_40' title="bbox 82 4371 1218 4459; baseline 0.015 -30"><span class='ocrx_word' id='word_1_206' title='bbox 82 4371 254 4431; x_wconf 80' lang='lat' dir='ltr'><strong>Fallimur?</strong></span> <span class='ocrx_word' id='word_1_207' title='bbox 277 4391 314 4431; x_wconf 88' lang='lat' dir='ltr'><strong>an</strong></span> <span class='ocrx_word' id='word_1_208' title='bbox 338 4375 416 4432; x_wconf 86' lang='lat' dir='ltr'><strong>ueris</strong></span> <span class='ocrx_word' id='word_1_209' title='bbox 437 4381 623 4448; x_wconf 86' lang='lat' dir='ltr'><strong>praenuncia</strong></span> <span class='ocrx_word' id='word_1_210' title='bbox 646 4384 727 4441; x_wconf 88' lang='lat' dir='ltr'><strong>veuit</strong></span> <span class='ocrx_word' id='word_1_211' title='bbox 748 4383 898 4442; x_wconf 75' lang='lat' dir='ltr'><strong>hirundo?</strong></span> <span class='ocrx_word' id='word_1_212' title='bbox 932 4387 983 4445; x_wconf 83' lang='lat' dir='ltr'><strong>Ov.</strong></span> <span class='ocrx_word' id='word_1_213' title='bbox 997 4387 1078 4445; x_wconf 85' lang='lat' dir='ltr'><strong>Fast.</strong></span> <span class='ocrx_word' id='word_1_214' title='bbox 1097 4382 1126 4459; x_wconf 80' lang='lat'><strong>2,</strong></span> <span class='ocrx_word' id='word_1_215' title='bbox 1146 4386 1218 4447; x_wconf 83' lang='lat'>853.</span> 
     </span>
     <span class='ocr_line' id='line_1_41' title="bbox 137 4466 1012 4542; baseline 0.022 -37"><span class='ocrx_word' id='word_1_216' title='bbox 137 4466 265 4518; x_wconf 83' lang='lat' dir='ltr'><strong>Frommelt,</strong></span> <span class='ocrx_word' id='word_1_217' title='bbox 279 4469 427 4519; x_wconf 79' lang='lat' dir='ltr'><strong>Florilegium</strong></span> <span class='ocrx_word' id='word_1_218' title='bbox 440 4471 550 4513; x_wconf 84' lang='lat' dir='ltr'><strong>Latinum.</strong></span> <span class='ocrx_word' id='word_1_219' title='bbox 911 4476 914 4483; x_wconf 84' lang='lat'>&#39;</span> <span class='ocrx_word' id='word_1_220' title='bbox 994 4486 1012 4542; x_wconf 76' lang='grc'><strong>4</strong></span> 
     </span>
    </p>
   </div>
   <div class='ocr_carea' id='block_1_9' title="bbox 0 0 1494 5048">
    <p class='ocr_par' dir='ltr' id='par_1_9' title="bbox 0 0 1494 5048">
     <span class='ocr_line' id='line_1_42' title="bbox 0 0 1494 5048; baseline 0 0"><span class='ocrx_word' id='word_1_221' title='bbox 0 0 1494 5048; x_wconf 95' lang='lat' dir='ltr'><strong> </strong></span> 
     </span>
    </p>
   </div>
  </div>
 </body>
</html>
