2978 5048
643 421 727 436 &flftsst
741 423 848 439 r-sxfxtxfx

709 529 781 594 684.

174 633 311 691 Ferreus
336 635 456 694 assiduo
469 639 661 716 'eonsumitur
682 641 788 698 anulus
810 657 876 710 usn,

269 738 383 798 Juterit
403 741 525 799 assidua
545 758 646 800 vomer
668 742 801 803 aduncus
824 745 923 806 humo.

178 841 261 912 Quid
284 844 378 916 magis
401 850 446 901 est
469 843 572 903 durum
595 852 688 905 saxo?
712 848 783 920 quid
805 849 924 909 mollius
946 851 1045 911 unda?

268 948 355 1007 Dura
376 953 474 1006 tamen
497 949 579 1006 molli
602 965 674 1007 saxa
696 957 839 1009 cavantur
861 970 947 1027 aqua.
993 954 1046 1013 Ov.
1069 955 1105 1014 A.
1128 955 1162 1015 A.
1190 951 1217 1025 l,
1240 949 1313 1017 473.

708 1047 780 1111 685.

178 1155 281 1213 Ferro
305 1155 423 1213 vivendi
445 1156 542 1229 prima
564 1161 682 1228 reperta
704 1157 752 1214 via
775 1164 828 1216 est.
872 1159 962 1220 Rutil.
986 1161 1069 1220 Nam.
1092 1163 1161 1221 ltin.
1186 1158 1258 1223 364.

706 1255 779 1318 686.

174 1366 310 1424 Ferrum
333 1343 434 1422 tuetur
454 1365 634 1437 principem:
659 1370 690 1422 at
711 1366 817 1423 melius
839 1365 920 1425 fides.
968 1367 1035 1428 Seu.
1060 1367 1096 1435 (l)
1120 1368 1184 1428 Oct.
1207 1365 1279 1430 456.

709 1461 782 1526 687.

178 1571 324 1631 Fertilior
345 1585 428 1641 seges
451 1574 497 1627 est
518 1569 624 1627 alienis
648 1587 764 1643 semper
786 1572 816 1629 in
840 1573 928 1644 agris,

264 1674 462 1748 Vicinumque
484 1690 576 1746 pecus
599 1673 739 1746 grandius
762 1674 834 1733 uber
857 1675 952 1735 habet.
991 1676 1043 1735 Ov.
1066 1677 1102 1737 A.
1125 1677 1161 1737 A.
1188 1677 1214 1749 l,
1239 1674 1310 1741 349.

706 1771 778 1835 688.

174 1882 316 1952 Fertilis,
342 1879 463 1939 assiduo
486 1881 511 1936 si
534 1896 593 1941 non
617 1887 775 1938 renovetur
798 1885 907 1951 aratro,

265 1985 316 2042 Nil
338 1984 396 2043 nisi
420 2001 484 2042 cum
497 1983 591 2057 spinis
604 2000 723 2056 gramen
737 1983 861 2043 habebit
877 2001 959 2056 ager,
985 1985 1036 2044 Ov.
1048 1987 1138 2046 Trist.
1151 1983 1180 2058 5,
1198 1983 1245 2060 12,
1259 1985 1310 2048 23.

707 2081 780 2146 689.

425 2190 563 2250 Festinat
584 2191 662 2249 enim
686 2191 845 2252 decurrere
867 2194 953 2252 velox

172 2297 337 2356 Flosculus
361 2300 504 2368 angustae
526 2288 710 2369 miseraeque
732 2295 907 2356 brevissima
929 2298 1007 2357 vitae

171 2401 298 2460 Pontio:
323 2399 390 2457 dum
413 2399 559 2468 bibimus,
584 2398 651 2456 dum
675 2405 768 2469 serta,
792 2407 956 2472 unguenta,
979 2403 1095 2475 puellas

170 2506 349 2570 Posoimus,
374 2501 491 2574 obrepit
512 2516 570 2558 non
594 2501 744 2561 intellecta
766 2508 912 2562 senectus.
958 2506 1025 2565 Juv.
1048 2506 1110 2564 Sat.
1134 2501 1163 2577 9,
1192 2500 1259 2566 126.

706 2600 778 2662 690.

428 2707 527 2766 Festis
550 2708 692 2780 quaedam
716 2726 853 2769 exercere
877 2711 979 2770 diebus

178 2815 241 2874 Fas
266 2819 297 2872 et
314 2814 385 2886 jura
407 2811 516 2870 sinunt.
542 2837 584 2850 -
628 2811 709 2885 Virg.
734 2813 841 2885 Georg.
868 2810 903 2883 1,
928 2809 999 2874 268.

704 2909 775 2973 691.

172 3021 284 3082 Fidem
308 3021 360 3095 qui
381 3019 523 3093 perdidit,
546 3019 671 3093 perdere
695 3021 774 3077 ultra
796 3021 838 3078 nil
860 3025 967 3093 potest.
1012 3019 1044 3079 P.
1070 3021 1134 3094 Syr.

705 3116 777 3180 692.

424 3226 551 3284 Fiducia
572 3226 691 3284 maestis

172 3332 269 3391 Nulla
290 3329 372 3389 viris.
396 3357 437 3368 —
482 3330 579 3388 Valcr.
603 3330 703 3387 Flacc.
726 3328 837 3402 Argon.
862 3325 894 3399 3,
919 3323 989 3386 364.
1080 3352 1087 3367 ·

703 3426 776 3490 693.

176 3540 284 3598 Firma
305 3537 406 3595 valent
427 3552 535 3609 perse
558 3536 727 3610 nullumque
749 3535 919 3595 Machaona
942 3530 1102 3609 quaerunt:

264 3641 310 3701 Ad
331 3639 474 3698 medicam
498 3639 603 3697 dubius
627 3638 759 3711 confugit
782 3655 871 3708 aeger
893 3656 989 3715 opem.

174 3747 246 3807 Non
271 3761 351 3818 opus·
369 3749 415 3801 est
436 3743 548 3815 magnis
571 3741 689 3815 placido
711 3744 821 3801 lectore
844 3743 958 3816 poetis:

265 3846 431 3919 Quamlibet
452 3847 575 3904 invitum
598 3844 804 3919 difficilemque
828 3852 939 3905 tenent.
986 3846 1037 3905 Ov.
1061 3846 1148 3905 Pont.
1172 3842 1200 3916 3,
1225 3843 1254 3917 4,
1279 3844 1308 3907 7.

704 3942 776 4007 694.

422 4053 474 4110 Fis
498 4068 570 4110 anus
593 4057 741 4112 ettamen

169 4159 228 4218 Vis
251 4157 381 4215 formosa
403 4155 507 4214 videri.
531 4183 572 4194 -
616 4156 688 4216 Hor.
712 4156 766 4216 Od.
791 4149 826 4227 4,
854 4151 907 4224 13,
932 4151 960 4216 2.

700 4255 772 4316 695.

171 4367 226 4425 Fit
250 4363 317 4438 iuga
335 4362 518 4437 temporibus
541 4363 643 4426 levior.
669 4393 707 4403 -
754 4363 805 4429 Or.
828 4362 916 4422 Pont.
939 4357 974 4434 2,
999 4358 1034 4432 7,
1059 4356 1108 4422 57.
