2978 5048
709 455 752 469 Μ
795 387 834 441 Vl

771 457 789 470 -s
799 457 916 471 ΙλνΧΛ-ΛΙ

331 599 491 676 Quantum
513 598 546 661 in
568 599 617 663 liis
640 599 812 680 sapientiae
834 601 971 682 positum
993 607 1055 682 est,
1087 609 1240 683 quantum
1262 606 1381 669 roboris

245 762 412 842 gravitatis
434 762 628 841 elegantiae!
658 768 776 843 quanto
798 764 924 843 melius,
956 765 1032 845 quid
1060 764 1239 831 faciendum
1267 768 1381 848 quidve

245 924 467 1004 omittendum,
491 925 575 989 vitae
597 943 779 1017 morumque
802 933 969 1009 praecepta
992 928 1123 992 tradunt
1144 929 1291 993 brevibus
1313 930 1380 1010 ejus

244 1087 328 1152 modi
351 1088 515 1152 sententiis
537 1088 657 1152 inclusa
681 1109 775 1170 quam
797 1094 953 1154 tractatus
976 1110 1195 1173 sermonesque
1217 1091 1329 1155 ethici!

330 1249 449 1315 Omitto
472 1251 638 1331 disserere,
671 1271 766 1332 quam
785 1254 958 1332 jucundum
988 1256 1029 1317 sit
1051 1274 1088 1318 ex
1111 1254 1173 1319 illis
1195 1272 1379 1335 cognoscere

244 1413 329 1478 illius
351 1413 465 1477 aetatis
487 1413 628 1479 homines
657 1415 766 1479 eadem
793 1435 856 1496 qua
884 1421 1076 1481 nosnatura
1105 1436 1142 1481 ac
1164 1421 1269 1481 mente
1290 1433 1380 1496 prae-

244 1576 325 1640 ditos
355 1575 467 1640 fuisse:
497 1577 550 1640 sed
581 1582 773 1659 quantopere
800 1583 832 1642 et
859 1579 995 1644 delectat
1023 1585 1054 1644 et
1076 1580 1202 1660 prodest
1225 1578 1378 1659 ejusmodi

242 1740 415 1803 sententias
442 1740 546 1805 animo
573 1741 682 1821 objici,
713 1742 834 1821 quoties
861 1742 894 1804 in
924 1747 1018 1805 tanta
1043 1743 1127 1805 vitae
1154 1741 1310 1805 humanae
1333 1740 1378 1804 vi-

242 1901 424 1966 cissitudine
446 1921 533 1966 mens
556 1908 663 1967 nostra
690 1902 852 1968 affectibus
882 1903 1230 1985 perturbationibusque
1255 1904 1376 1983 jactata

242 2070 298 2127 aut
320 2063 417 2128 frenis
446 2070 517 2146 eget
540 2071 595 2130 aut
617 2068 800 2132 calcaribus.
847 2067 939 2132 Credi
961 2068 1045 2131 enim
1067 2066 1119 2130 vix
1140 2071 1256 2147 potest,
1284 2082 1378 2145 quam

242 2226 442 2292 veliementer
470 2229 610 2293 animum
638 2231 685 2294 ira
714 2231 862 2295 ardoreve
891 2231 1052 2295 incensum
1075 2230 1125 2294 vel
1154 2228 1258 2292 dolore
1287 2226 1378 2291 affee-

241 2394 310 2453 tum
332 2390 381 2458 vel
404 2391 445 2455 ad
468 2392 550 2457 vitae
573 2393 774 2473 quotidianae
795 2393 928 2457 humiles
946 2411 1037 2457 curas
1058 2393 1238 2473 depressum
1258 2395 1379 2470 pungat

241 2572 278 2618 ac
306 2561 486 2636 permoveat
513 2556 670 2620 sententia
697 2557 840 2620 acumine
869 2574 980 2636 aeque¹
998 2561 1093 2635 atque
1120 2553 1278 2633 gravitate
1305 2569 1376 2615 con-

240 2717 348 2798 spicua
369 2717 435 2782 sive
457 2736 532 2781 casu
554 2717 608 2781 illa
631 2718 737 2783 oblata
766 2720 831 2784 sive
861 2719 893 2782 in
922 2718 1062 2782 animum
1089 2720 1243 2781 revocata.
1289 2715 1377 2791 Quae

240 2897 311 2943 cum
333 2880 378 2942 ita
401 2898 434 2943 se
456 2879 601 2961 habeant,
625 2882 710 2945 nullo
733 2887 825 2963 pacto
847 2898 1010 2963 possumus
1032 2878 1197 2943 dissentire
1218 2896 1237 2940 a
1257 2894 1377 2941 summo

239 3043 293 3106 illo
315 3047 439 3107 oratore
462 3061 498 3107 ac
520 3042 702 3124 philosopho
724 3043 888 3120 Cicerone,
916 3043 970 3123 qui
993 3042 1119 3122 quidem
1142 3041 1253 3104 statuit
1283 3057 1375 3119 „gra-

239 3204 382 3270 vissimas
416 3224 484 3270 esse
518 3205 560 3269 ad
592 3205 683 3270 beate
718 3206 884 3271 vivendum
918 3206 1056 3270 breviter
1089 3204 1272 3268 enunciatas
1304 3220 1372 3265 sen-

152 3448 155 3453 ·
239 3369 385 3432 tentias“.

324 3531 467 3611 Accedit,
495 3531 577 3612 quod
604 3531 738 3595 Latinae
767 3531 895 3611 linguae
921 3531 954 3594 in
984 3531 1114 3595 dicendo
1148 3529 1372 3609 scribendoque

238 3711 312 3758 usus
335 3693 449 3775 aliquis
471 3695 586 3760 nostris
608 3695 800 3776 temporibus
823 3699 922 3760 restat
945 3695 1027 3758 inter
1056 3693 1202 3757 cultiores
1230 3691 1371 3755 homines

238 3862 270 3921 et
296 3858 487 3974 copsuetudo
513 3859 668 3939 quaedam
698 3859 848 3923 sermonis
878 3857 1061 3938 quotidiani.
1107 3856 1166 3919 Est
1192 3860 1299 3918 autem
1326 3873 1372 3932 ea,

238 4038 332 4100 quarn
354 4019 405 4084 hio
427 4021 578 4102 intelligo,
601 4021 682 4085 ratio
704 4021 737 4084 in
759 4019 916 4103 frequenti
938 4020 1166 4084 sententiarum
1186 4018 1373 4083 Latinarum

237 4183 430 4262 poeticarum
451 4184 655 4265 usurpatione
676 4185 788 4266 posita.

322 4334 480 4423 Quantam
509 4347 592 4410 enirn
618 4347 791 4413 utilitatem
820 4348 992 4428 quantique
1014 4348 1163 4411 momenti
1195 4347 1295 4410 instar
1317 4347 1372 4410 lra-
