2978 5048
692 546 787 612 2262.

170 657 277 717 Rebus
302 663 333 717 et
353 657 384 716 in
408 671 498 716 censu
526 656 551 715 si
574 671 634 716 nou
657 664 710 727 est,
735 656 815 733 quod
838 657 895 716 fuit
918 661 995 730 ante,

172 760 240 820 Fac
262 760 345 821 vivas
368 765 525 820 contentus
541 775 587 832 eo,
611 759 692 834 quod
708 765 844 835 tempora
854 760 1009 836 praebent.
1041 757 1104 820 (lat.
1118 761 1196 836 Dist.
1217 754 1246 831 3,
1264 755 1312 820 12.

697 856 792 922 2263.

172 965 278 1024 Rebus
301 966 333 1024 in
356 964 488 1024 adversis
510 966 640 1024 animum
663 965 837 1025 submittere
860 967 936 1025 noli:

176 1069 267 1142 Spem
300 1070 413 1141 retine,
450 1085 518 1144 spes
554 1086 614 1128 una
645 1069 792 1130 hominem
825 1084 881 1129 nec
912 1074 1008 1129 morte
1041 1069 1194 1144 relinquit.
1249 1066 1314 1129 (lat

972 1202 973 1207 1
1098 1172 1176 1233 Dist.
1199 1165 1238 1245 2,
1262 1167 1313 1233 25.

695 1270 789 1334 2264.

175 1377 278 1436 Rebus
301 1377 332 1435 in
356 1378 488 1450 augustis
510 1377 600 1439 facile
622 1383 668 1437 est
691 1384 880 1438 contemnere
902 1377 1008 1437 vitam:

265 1480 399 1540 Fortiter
430 1482 480 1541 ille
509 1481 596 1552 facit,
632 1482 682 1555 qui
716 1481 806 1540 miser
836 1496 900 1540 esse
930 1486 1038 1554 potest.
1090 1479 1180 1540 Mart.
1209 1481 1314 1555 Epigr.

1101 1581 1165 1656 11,v
1181 1578 1236 1657 56,
1263 1580 1311 1644 15.

697 1680 792 1746 2265.

176 1790 279 1849 Rebus
304 1833 311 1849 .
336 1833 343 1849 .
368 1834 375 1849 .
400 1831 407 1847 .
432 1791 533 1863 parvis
556 1791 618 1848 ulto
639 1797 811 1864 praestatur
834 1790 928 1866 quies.
975 1789 1043 1849 San.
1067 1789 1187 1865 Thyest.
1212 1785 1285 1850 469.

698 1888 793 1955 2266.

428 1995 561 2069 Recepto

177 2097 276 2156 Dulce
297 2098 369 2156 mihi
392 2096 492 2157 furere
516 2104 561 2158 est
583 2098 689 2159 amico.
734 2101 808 2159 Hor.
833 2100 887 2161 Od.
911 2094 946 2174 2,
972 2095 1006 2173 7,
1031 2095 1082 2161 27.

698 2198 792 2262 2267.

429 2306 522 2365 Recte
545 2305 634 2377 facit,
658 2306 756 2366 animo
780 2307 899 2381 quondo
921 2307 1094 2381 obsequitur
1116 2322 1184 2365 suo:

178 2388 396 2481 Quod'omnes
426 2408 561 2468 homines
591 2408 691 2470 iacere
725 2416 859 2486 oportet,
895 2411 1052 2469 dummodo
1081 2410 1112 2470 id
1141 2409 1193 2469 fiat
1227 2410 1316 2469 bono.

802 2543 806 2550 ·
891 2515 988 2574 Plaut.
1012 2513 1119 2587 Amph.
1143 2509 1180 2586 3,
1205 2509 1241 2585 4,
1268 2506 1316 2574 12.

698 2609 792 2676 2268.

177 2715 304 2774 Rectius
326 2715 423 2788 vives,
446 2717 563 2790 Licini,
586 2733 683 2792 neque
707 2721 798 2778 altum

178 2818 305 2891 Semper
327 2819 458 2893 urgendo
481 2836 594 2896 neque,
619 2821 687 2879 dum
709 2823 859 2896 procellos

180 2920 293 2980 Cautus
315 2922 474 2996 horrescis,
497 2925 619 2984 nimium
641 2925 803 2999 premendo
887 2991 888 2994 Ἴ

336 3025 422 3085 Litus
446 3027 589 3101 iniquum·
919 3004 927 3019 x

179 3128 312 3187 Auream
336 3129 469 3203 quisquis
492 3131 728 3191 mediocritatem

179 3230 303 3304 Diligit,
327 3236 407 3291 tutus
431 3239 513 3293 caret
535 3234 663 3295 obsoleti

181 3333 327 3394 Sordibus
350 3335 439 3407 tecti,
463 3343 547 3397 caret
568 3338 730 3398 invidenda
773 3390 780 3402 .

340 3439 463 3500 Sobrius
486 3444 565 3502 aula.
609 3442 683 3500 Hor.
708 3441 762 3499 Od.
788 3434 824 3512 2,
851 3438 903 3513 16,
929 3438 957 3502 1.

700 3538 795 3603 2269.

181 3642 296 3703 Rector
317 3645 348 3704 in
371 3647 486 3706 incerto
510 3655 556 3707 cst
577 3664 632 3707 nec
653 3649 732 3724 quod
753 3648 882 3722 fugiatve
904 3654 1023 3723 petatve

270 3748 406 3831 Invenit:
431 3751 574 3826 ambiguis
598 3768 646 3811 crs
670 3757 770 3828 stupet
791 3754 858 3827 ipsa
880 3755 976 3814 malis.
1001 3752 1053 3814 Ov.
1073 3752 1164 3812 Trist.
1184 3752 1210 3823 1,
1225 3747 1254 3826 2,
1269 3749 1319 3811 31.

701 3851 795 3916 2270.

181 3954 321 4015 Reddere
344 3958 394 4031 qui
417 3973 504 4017 voces
524 3960 586 4032 jam
609 3961 666 4019 scit
687 3978 763 4035 puer
785 3967 815 4020 et
837 3961 913 4034 pede
937 3965 1018 4020 certo

181 4060 288 4132 Signat
310 4060 446 4134 humum,
469 4063 558 4136 gestit
579 4064 702 4136 paribus
727 4063 876 4125 colludere
900 4065 1026 4124 stiram

182 4159 308 4235 Colligit
329 4180 364 4224 oc
384 4165 470 4238 ponit
491 4171 603 4227 temere
627 4174 657 4227 et
679 4175 810 4229 mutatur
831 4169 861 4228 iu
885 4169 985 4228 horas.
1030 4167 1103 4228 Hor.
1128 4168 1163 4228 A.
1188 4167 1222 4226 P.
1248 4160 1319 4226 158.

704 4267 799 4331 2271.

182 4368 326 4440 Regendo
348 4372 439 4444 magis
462 4377 508 4431 est
529 4371 645 4433 fervida
666 4373 876 4438 adolescentia
922 4375 991 4437 Seu.
1015 4376 1052 4445 (i)
1075 4375 1140 4438 Oct.
1164 4370 1236 4437 446.

234 4463 362 4514 eremmon,
376 4465 522 4516 mortuarum
536 4468 646 4509 aetrnum.
1075 4475 1114 4536 12
