2978 5048
567 450 770 465 nlxrxsxrvvwna

624 558 714 621 1389.

100 669 181 727 Num
204 668 317 727 faciunt
339 668 472 726 homines
496 669 667 741 plerumque
691 668 829 741 cupidine
851 669 934 726 caeci

10 756 13 775 '
98 774 145 832 Et
166 774 304 833 tribuunt
325 789 377 842 ea,
403 788 479 845 quae
502 788 561 830 non
583 778 653 830 sunt
674 772 722 829 his
751 771 904 831 commoda
936 788 1012 830 vere.
1056 771 1176 828 Lucret.
1199 769 1234 826 R.

1017 870 1115 942 N.4,
1141 865 1232 932 1153.

619 974 711 1035 1390.

94 1105 179 1161 Nam
206 1101 335 1173 gaudere
359 1101 442 1158 novis
464 1101 552 1158 rebus
577 1099 685 1158 debere
708 1100 832 1170 videtur,

94 1206 159 1264 Cui
184 1211 305 1264 veteres
329 1204 451 1261 obsunt:
475 1203 526 1261 sed
550 1204 597 1259 cui
620 1204 661 1260 nil
685 1203 794 1262 accidit
816 1205 896 1274 aegri

92 1311 257 1382 Tempore
280 1308 311 1364 iu
334 1313 402 1365 ante
426 1312 507 1376 acto,
539 1325 604 1365 cum
627 1307 750 1379 pulchre
774 1306 894 1378 degeret
916 1321 1029 1374 aevum,

84 1414 180 1487 Quid
216 1412 314 1485 potuit
341 1411 479 1469 novitatis
514 1426 641 1469 amorem
676 1410 839 1469 accendere
866 1409 939 1467 tali?
984 1408 1104 1468 Lucret.
1133 1409 1168 1467 R.
1196 1408 1233 1465 Ν.

1099 1509 1134 1583 5,
1162 1507 1231 1570 170.

620 1629 711 1692 1391.

71 1744 166 1802 Nam
199 1755 294 1812 genus
317 1743 347 1796 et
369 1753 497 1811 proavos
520 1743 550 1796 et
572 1754 648 1811 quae
671 1753 724 1796 nos
746 1738 870 1798 fecimus
890 1741 949 1814 ipsi

70 1847 144 1907 Vix
175 1859 221 1902 ea
243 1846 347 1900 nostra
368 1857 450 1899 voco.
478 1871 514 1880 -
561 1840 613 1902 Ov.
635 1839 708 1900 Met.
736 1837 783 1914 13,
811 1838 881 1900 140.

620 1957 710 2019 1392.

66 2071 169 2130 Nam
205 2063 358 2139 improbus
382 2069 427 2122 est
449 2063 547 2134 home,
572 2065 621 2137 qui
644 2064 818 2123 beneficium
841 2067 898 2123 scit
920 2081 1034 2123 sumere
1058 2069 1089 2122 et
1110 2064 1234 2123 reddere

686 2168 790 2226 nescit.
835 2168 931 2227 Plaut.
954 2169 1037 2227 Pers.
1061 2164 1097 2239 5,
1124 2163 1157 2236 1,
1185 2161 1232 2226 10,
1293 2209 1295 2213 .

624 2282 714 2344 1393.

56 2398 165 2456 Nam
194 2393 262 2463 jam
285 2406 374 2464 saepe
396 2389 530 2447 homines
553 2389 681 2462 patriam
704 2375 847 2466 carosque
869 2396 1008 2464 parentes

55 2495 305 2560 Prodiderunt
326 2495 419 2552 vitare
441 2491 609 2550 Acherusia
629 2494 741 2566 templa
762 2501 905 2567 petentes

57 2605 167 2662 Nam
201 2597 296 2655 veluti
318 2597 403 2670 pueri
427 2595 580 2668 trepidant
603 2601 691 2670 atque
717 2598 815 2656 omnia
838 2599 934 2656 caecis

56 2709 105 2766 In
137 2699 292 2762 tenebris
314 2704 456 2767 metuunt,
480 2699 523 2756 sic
545 2715 598 2757 nos
622 2700 652 2757 in
675 2700 740 2758 luce
762 2701 897 2758 timemus

59 2803 272 2870 Interdum,
302 2802 362 2860 uilo
387 2817 461 2874 quae
485 2808 553 2859 sunt
575 2803 733 2862 metuenda
755 2804 845 2876 magis
870 2820 956 2878 quam

59 2913 176 2985 Quae
214 2906 301 2980 pueri
329 2911 359 2962 in
390 2904 520 2963 tenebris
543 2907 682 2977 pavitant
702 2906 874 2980 finguntque
902 2906 1009 2964 futura.
1055 2906 1173 2964 Lucret.
1198 2905 1232 2962 R.

1061 3009 1097 3067 N.
1122 3004 1156 3078 3,
1181 3001 1232 3064 85.

621 3106 713 3169 1394.

242 3266 246 3271 .
351 3212 425 3270 Nam
448 3213 479 3271 id
502 3213 631 3272 arbitror

62 3318 244 3396 Apprime
265 3316 296 3373 in
319 3315 380 3374 vita
402 3333 466 3374 csse
489 3318 577 3387 utile,
601 3325 633 3374 ut
659 3333 695 3376 ue
719 3319 789 3391 quid
814 3320 908 3377 nimie.
954 3308 1025 3377 Ter]
1043 3319 1135 3378 Andr.
1160 3314 1209 3376 60.

620 3431 710 3495 1395.

66 3547 175 3606 Nam
202 3540 258 3610 illa
280 3537 311 3606 [i.
335 3554 360 3597 c.
385 3538 557 3611 paupertas]
583 3548 662 3600 artes
687 3557 787 3599 omues
810 3541 960 3614 perdocet,
983 3542 1034 3600 ubi
1057 3558 1141 3615 quem
1166 3541 1233 3599 atti-

718 3645 769 3717 git.
814 3645 909 3703 Plaut.
932 3645 1025 3705 Stich.
1053 3642 1086 3715 1,
1116 3640 1150 3715 3,
1180 3637 1232 3701 24.

617 3757 708 3823 1396.

70 3863 175 3931 Nam
201 3865 235 3922 in
257 3862 406 3922 hominum
430 3869 526 3923 aetate
548 3867 637 3925 multa
659 3867 797 3925 eueniunt
821 3868 908 3940 hujus
931 3869 1025 3927 modi:

74 3969 235 4045 capiunt
256 3967 440 4039 voluptates,
464 3969 585 4039 capiunt
607 3987 722 4028 rursum
747 3971 898 4040 miserias3

71 4078 162 4137 Irae
190 4071 407 4136 interveniunt,
431 4070 556 4130 redeunt
579 4090 693 4131 rursum
715 4073 746 4131 in
768 4074 903 4145 gratiam.

71 4181 211 4240 Verum
234 4173 298 4231 irae
320 4173 345 4230 si
369 4189 444 4247 quae
467 4173 543 4232 forte
567 4175 707 4233 eveniunt
728 4176 815 4248 hujus
838 4177 916 4235 modi

72 4285 184 4344 Inter
206 4290 274 4334 eos:
297 4293 413 4334 rursum
436 4279 460 4334 si
484 4283 636 4335 reventum
659 4280 690 4336 in
714 4280 838 4352 gratiam
861 4286 916 4349 est,

72 4385 141 4447 Bis
172 4384 260 4438 tantu
283 4379 370 4438 amici
395 4385 465 4438 sunt
485 4381 566 4439 inter
589 4398 621 4440 sc
635 4399 720 4455 quam
735 4383 828 4454 prius.
858 4383 955 4442 Pluut.
969 4383 1075 4456 Amph.
1089 4381 1119 4457 3,
1135 4381 1164 4456 2,
1182 4381 1229 4442 57.
