2978 5048
719 364 782 429 226

648 449 854 464 ‘Weiss-(ww

187 562 253 620 Non
277 560 371 619 tristis
394 565 477 617 lorus
502 565 531 617 ct
553 566 651 619 tamen
675 561 816 634 pudicus;
854 530 858 543 Ι

187 665 329 733 Somnus,
353 663 401 735 qui
425 660 516 719 faciel
538 663 643 721 breves
665 664 821 733 tenebram

187 766 272 838 Quod
294 765 353 833 sis,
376 780 442 823 esse
460 765 551 835 velis,
574 765 709 838 nihilque
732 766 831 833 melis3

186 868 334 927 Summum
356 882 412 925 nec
434 872 549 924 metues
573 866 650 925 diem
672 883 727 925 nec
751 873 846 940 optes.
890 865 980 927 Mem.
1003 868 1105 942 Epign
1135 864 1191 940 11),
1216 865 1311 938 41,1.

704 963 797 1026 2866.

433 1071 590 1143 Vitamque
619 1071 721 1130 volunt
753 1088 808 1144 pro
837 1072 925 1131 leude
954 1073 1074 1144 pacisci.
1125 1073 1209 1143 virg.
1247 1073 1313 1130 Aen.

1184 1171 1221 1244 5,
1246 1169 1313 1234 236.

702 1267 796 1334 2861.

433 1374 503 1433 vita
525 1374 602 1433 redit
624 1374 710 1433 bonis

185 1483 257 1541 Post
279 1482 402 1537 mortem
426 1475 558 1535 ducibus.
582 1505 623 1517 -
666 1478 739 1536 Hor.
763 1479 817 1537 (ld.
842 1476 876 1550 4,
900 1473 936 1550 8,
964 1477 1009 1538 14.

701 1573 795 1638 2862.

186 1687 302 1745 vitaret
323 1680 438 1740 coelum
460 1680 631 1752 Phaethon,
654 1683 680 1741 si
702 1685 831 1751 viveret,
856 1688 886 1740 et
909 1700 982 1757 quos

270 1784 396 1858 Opleret
417 1784 523 1852 stulte,
546 1789 668 1857 tangere
691 1786 783 1844 nollet
804 1801 906 1858 equos.
952 1785 1004 1844 Ov.
1029 1788 1118 1845 Trist.
1148 1786 1182 1858 l,
1215 1785 1250 1860 1,
1275 1786 1321 1846 19.

699 1898 793 1963 2863.

183 2009 261 2070 Vitis
283 2012 316 2065 ιιι
339 2003 495 2063 arboribus
519 2004 620 2063 decori
644 2011 702 2079 est,
726 2013 759 2065 ιιι
780 2008 889 2067 vilibus
913 2024 996 2076 uvae,

183 2112 224 2171 Ul
245 2108 382 2183 gregibus
405 2108 500 2177 tauri,
523 2114 637 2182 segetes
661 2115 693 2166 ut
714 2109 872 2182 pinguibus
896 2111 988 2168 ervis:

182 2215 227 2273 Τιι
250 2211 341 2269 decus
365 2224 450 2268 omne
473 2211 542 2271 tuis.
567 2238 606 2249 -
651 2210 732 2283 Vlrg.
756 2212 831 2289 Bne..
853 2211 886 2281 5,
910 2207 961 2270 32.

699 2322 794 2387 2864.

182 2436 256 2495 Vive
279 2445 391 2490 memor
413 2428 477 2499 leti,
500 2428 574 2502 fugit
596 2429 684 2490 hore:
708 2431 774 2505 hoe,
800 2431 879 2506 quod
901 2416 1015 2507 loquer,
1039 2430 1108 2490 inde
1131 2438 1189 2492 est.
1238 2434 1316 2491 Pers.

1091 2534 1156 2593 Sat.
1181 2531 1222 2606 5,
1249 2530 1315 2591 133.

700 2630 794 2694 2865.

181 2745 255 2805 Vive
277 2753 403 2805 memor,
429 2751 514 2810 quem
538 2736 579 2794 sis
602 2738 667 2798 eevi
690 2738 798 2798 brevis.
821 2765 863 2780 —
906 2738 979 2796 Hor.
1003 2736 1063 2797 Set.
1088 2732 1123 2808 3,
1148 2731 1184 2808 2,
1212 2734 1265 2795 97.

700 2849 794 2916 2866.

181 2957 347 3023 vivendum
370 2962 451 3013 recte
475 2962 520 3015 est
543 2974 608 3016 cum
630 2964 754 3032 propter
775 2960 916 3033 plurima,
939 2963 1010 3016 tunc
1032 2957 1078 3015 his

180 3061 347 3134 Praecipue
371 3060 486 3130 causis,
509 3066 541 3117 ιι
563 3062 676 3132 linguas
699 3063 912 3135 mancipiorum

180 3164 376 3227 Contemnes:
401 3177 468 3219 nem
491 3161 590 3235 lingue
606 3162 675 3222 meli
690 3178 759 3236 pers
773 3162 902 3236 pessime
917 3161 1003 3220 servi.
1034 3159 1102 3219 Juv.
1118 3160 1180 3219 Set.
1199 3159 1231 3234 9,
1250 3158 1317 3220 118.

698 3277 792 3340 2867.

180 3389 288 3450 Vivere
312 3388 437 3442 naturae
461 3387 490 3440 le
513 3383 723 3442 convenienter
745 3390 874 3456 oportet,

179 3486 400 3559 Ponenducque
425 3485 510 3543 domo
535 3486 705 3558 quaerenda
730 3494 775 3545 est
797 3503 868 3546 areu
889 3486 1033 3560 primum:

179 3589 336 3655 Novistine
359 3590 453 3648 locum
478 3589 623 3662 potiorem
647 3605 716 3649 rure
738 3589 846 3648 beato?
890 3588 963 3647 Hor.
986 3587 1043 3663 Ep.
1071 3583 1104 3657 1,
1132 3582 1191 3657 10,
1223 3583 1270 3645 12.

696 3701 790 3767 2868.

178 3818 286 3878 Vivere
310 3813 439 3872 sirecte
467 3812 578 3882 nescis,
609 3810 719 3869 decede
740 3810 856 3885 peritis.
900 3811 973 3870 Hor.
995 3809 1053 3885 Ep.
1077 3801 1115 3878 2,
1139 3802 1174 3878 2,
1202 3807 1278 3872 213.

695 3924 789 3989 2869.

180 4037 252 4099 Vlvc
276 4034 340 4092 sino
363 4033 476 4093 invidio
498 4034 661 4105 mollesque
685 4032 828 4105 inglorius
850 4047 944 4091 annos

265 4137 374 4211 llxigc,
397 4136 543 4196 amicitias
567 4142 597 4195 et
619 4135 672 4192 libi
692 4136 783 4208 junge
803 4150 901 4209 pares.
947 4133 998 4195 Ov.
1022 4135 1113 4195 Trist.
1136 4129 1167 4205 3,
1201 4133 1244 4209 4,
1268 4131 1317 4193 43.

696 4230 790 4297 2870.

176 4345 251 4407 Vive
273 4340 328 4401 1161
351 4349 382 4400 ct
403 4343 490 4414 longe
513 4341 633 4400 nomina
656 4356 760 4414 magno
782 4339 857 4413 iuge.
903 4340 956 4399 Ov.
980 4340 1070 4400 Trisl„
1093 4335 1132 4412 3,
1157 4337 1201 4414 4,
1228 4340 1258 4403 4.
