2978 5048
543 448 707 463 sv‘MNxsv
712 452 729 462 υ
735 451 748 463 ι

591 552 690 618 2606.1

329 659 437 718 Tutum
460 662 558 734 carpit
579 663 678 721 inanis
699 662 766 722 iter.
813 663 866 723 Ov.
879 664 957 722 »Nux
979 659 1031 722 44.

593 760 686 825 2607.

328 866 436 924 Tutum
458 885 505 925 me
530 868 617 940 eopia
638 868 722 927 iecit:

77 963 179 1037 Major
203 982 281 1037 sum,
305 985 391 1041 quam
415 971 462 1028 eui
484 971 580 1043 possit
601 971 721 1030 fortuna
743 989 860 1030 nocere·
906 972 958 1032 Ov.
982 973 1054 1032 Met.
1079 970 1113 1046 6,
1140 972 1208 1035 104.

593 1069 687 1132 2608.

74 1173 120 1231 Tu
138 1174 217 1234 vires
233 1176 298 1234 sine
314 1181 411 1234 mente
429 1177 522 1248 geris:
546 1178 621 1235 mihi
635 1195 708 1238 eura
724 1177 815 1237 futuri
832 1186 886 1238 est.
916 1179 969 1239 Ov.
983 1178 1056 1238 Met.
1073 1177 1120 1253 13,
1136 1176 1207 1240 363.

533 1591 536 1598 “
590 1582 685 1645 2600.

70 1691 135 1749 Ubi
159 1694 240 1749 laeta
262 1690 343 1748 duris
366 1693 458 1748 mixta
479 1691 508 1747 in
534 1690 668 1761 ambiguo
687 1693 798 1763 jacent,

67 1795 212 1853 Incertus
236 1795 364 1863 animae,
389 1794 465 1851 seire
489 1809 553 1850 cum
578 1793 692 1865 cupiat,
718 1796 809 1853 timet.
856 1797 922 1854 Sem
947 1795 1018 1854 Oed.
1044 1790 1115 1855 208.

590 1890 693 1954 2700.
841 1903 845 1909 ’

325 1999 383 2058 Ubi
406 2015 465 2057 non
488 2004 534 2056 est
555 1998 652 2071 pudor

66 2106 141 2163 Nec
164 2120 235 2161 eura
252 2102 344 2175 juris,
368 2101 526 2171 sanctitaS,
549 2102 664 2174 pietas,
687 2102 770 2172 fides,

65 2206 219 2265 Instabile
242 2222 361 2278 regnum
386 2210 440 2263 est.
465 2234 506 2243 -
551 2205 619 2263 Sen.
642 2205 764 2278 Thyest.
788 2201 861 2265 215.

178 2310 181 2315 ’
588 2301 683 2365 2701.

324 2409 381 2468 Ubi
404 2427 458 2483 par
480 2409 601 2468 fortuna
622 2410 746 2469 duorum
770 2418 824 2480 est,

163 2513 198 2571 In
222 2528 311 2573 causa
333 2513 432 2571 damni
455 2518 571 2586 perstat
592 2517 719 2588 uterque
739 2515 793 2573 sui.
841 2516 893 2575 Ov.
918 2518 953 2576 A.
976 2514 1011 2573 A.
1036 2509 1065 2585 2,
1089 2511 1162 2575 559.

589 2626 683 2688 2702.

65 2735 192 2807 Ubique
214 2750 293 2793 mors
316 2741 376 2805 est,
399 2734 510 2807 optime
534 2734 591 2793 hoe
612 2737 691 2795 eavit
713 2737 800 2795 deus:
871 2714 874 2721 ¹

64 2836 202 2908 Eripere
225 2839 313 2895 vitam
337 2853 423 2895 nemo
446 2855 505 2896 non
530 2838 641 2897 homini
664 2844 771 2912 potest,

70 2940 115 2997 At
141 2956 225 2998 nemo
248 2947 387 3009 mortem
411 2941 490 2999 mille
514 2941 551 2999 ad
574 2941 651 2999 hane
667 2941 767 3003 aditus
778 2948 890 3014 patent.
922 2944 989 3002 Sen.
1004 2943 1117 3002 Phoen.
1133 2939 1203 3003 151.

589 3055 683 3120 2703.
729 3119 730 3122 ,

65 3163 132 3222 Ubi
156 3163 252 3235 turpis
275 3168 321 3221 est
342 3163 504 3232 medicina,
528 3164 626 3225 sanari
649 3163 740 3237 piget.
787 3164 855 3221 Sen.
879 3163 951 3223 Oed.
975 3161 1046 3221 517.

587 3275 681 3340 2704.
699 3336 702 3345 ,

63 3384 205 3443 Ulterius
229 3383 303 3441 nihil
327 3389 371 3442 est
394 3382 453 3441 nisi
476 3399 536 3441 non
560 3382 723 3442 habitabile
745 3383 847 3454 frigus.
884 3382 936 3442 Ov.
959 3384 1049 3445 Trist.
1065 3380 1095 3454 3,
1109 3384 1136 3456 4,
1152 3384 1202 3447 51.

454 3563 457 3567 ,
585 3496 680 3558 2705.

320 3605 430 3673 Ultima
452 3603 540 3662 debet

63 3710 150 3767 Esse
173 3706 246 3765 fides
269 3709 369 3779 lugere
393 3707 494 3764 virum.
520 3732 561 3743 -
604 3707 715 3765 Lucan.
740 3706 843 3764 Phars.
868 3704 904 3778 8,
928 3704 978 3765 82.

590 3814 684 3884 2706.

61 3929 185 3989 Ultima
206 3945 301 4001 prona
324 3930 372 3988 via
393 3935 439 3987 est
462 3935 491 3987 et
513 3935 579 4000 eget
600 3928 800 3987 moderamine
824 3935 916 3988 certo.
945 3930 997 3989 Ov.
1013 3929 1086 3988 Met.
1101 3923 1130 4000 2,
1148 3926 1200 3988 67.

585 4042 680 4105 2707.

524 4151 636 4209 Ultima
657 4167 773 4224 semper

62 4252 283 4326 Exspectanda
305 4253 368 4311 dies
393 4253 504 4312 homini
528 4258 588 4322 est,
612 4253 730 4326 dieique
752 4253 855 4312 beatus

61 4359 147 4420 Ante
171 4355 283 4413 obitum
305 4368 609 4450 nemo-supremaque
633 4355 737 4414 funera
759 4355 856 4416 debet.
886 4355 955 4414 ov.
977 4356 1048 4415 Mei.
1073 4353 1102 4428 3,
1130 4352 1198 4418 135.
