2978 5048
10 626 15 675 l

89 661 214 719 Invidia
236 706 244 720 .
269 702 277 718 .
302 706 309 720 .
334 676 387 718 oen
410 659 530 718 fulmine
554 676 667 717 summa
688 665 834 732 vaporant

88 766 277 838 Plerumque
301 769 332 822 et
353 779 429 837 quae
452 770 520 821 sunt
536 763 603 821 aliis
626 763 718 835 magis
741 762 822 820 edita
845 778 970 836 cunque.
1006 762 1127 821 Lueret.
1140 762 1175 820 R.
1193 763 1230 821 N.

1075 863 1113 935 5,
1139 857 1230 922 1131.

619 979 708 1044 1027.

83 1090 242 1149 Invidiam
266 1089 344 1148 ferre
366 1096 419 1149 aut
440 1089 525 1148 fortis
547 1095 599 1147 aut
621 1088 691 1146 felix
713 1093 820 1161 potest.
866 1088 899 1149 P.
924 1090 988 1163 Syr.

617 1221 708 1286 1028.

79 1333 242 1392 Invidiam
267 1331 346 1405 quod
369 1332 472 1402 habet,
496 1348 555 1390 non
578 1332 654 1389 solet
675 1332 723 1413 lre
743 1331 802 1389 diu.
848 1332 936 1403 Prop.
962 1330 1046 1401 Eleg.
1065 1324 1095 1399 2,
1114 1324 1229 1400 rave.

617 1446 707 1510 1020.

78 1555 217 1615 Invidus
243 1555 365 1614 alterius
390 1555 547 1614 macrescit
569 1554 657 1612 rebus
681 1553 802 1627 opimis:

10 1678 14 1691 ³
76 1659 214 1718 Invidia
239 1659 332 1716 Siculi
355 1675 414 1717 non
438 1659 577 1717 invenere
600 1658 719 1732 tyranni

67 1762 190 1837 Majus
216 1768 403 1821 tormentum.
429 1790 469 1800 -
513 1762 586 1820 Hor.
609 1761 666 1834 Ep.
694 1757 727 1830 1,
751 1754 787 1831 2,
812 1755 862 1819 57.

618 1893 709 1956 1030.

58 2004 236 2073 lavicina,
261 2019 372 2062 annoso
394 2001 500 2063 famam
524 2006 574 2079 qui
598 2004 721 2076 derogat
743 2019 825 2073 aevo,

58 2110 134 2182 Qui
167 2113 260 2166 vates
284 2107 321 2165 ad
345 2124 416 2166 vera
437 2114 533 2168 vocat.
557 2136 598 2147 -
641 2107 753 2166 Lucan.
777 2106 883 2163 Phara.
908 2100 942 2175 9,
967 2100 1039 2164 350.

614 2241 707 2304 1031.

39 2350 194 2410 'Invisa
217 2365 366 2421 nunquam
389 2348 515 2421 imperia
537 2349 704 2407 retinentur
727 2346 787 2406 diu.
833 2345 902 2404 Son.
926 2344 1039 2404 Phoen.
1064 2339 1137 2402 660.

618 2462 710 2526 1032.

53 2577 205 2637 Invitat
229 2572 360 2645 culpam,
396 2573 445 2646 qui
468 2575 623 2645 peccatum
645 2571 799 2643 praeterit.
844 2569 877 2628 P.
902 2569 968 2643 Syr.

615 2702 706 2766 1033.

54 2822 102 2880 In
136 2815 258 2876 vitium
282 2812 364 2872 ducit
386 2813 492 2887 eulpae
514 2812 596 2887 fuga,
619 2814 644 2871 si
668 2814 845 2870 caretate.
889 2808 962 2867 Hor.
985 2806 1021 2865 A.
1045 2807 1078 2865 P.
1102 2800 1155 2864 31.

618 2927 709 2989 1034.

57 3041 223 3102 Invitum
248 3038 298 3111 qui
321 3044 434 3111 servat,
457 3037 536 3097 idem
559 3036 631 3097 10011
654 3034 812 3100 occidenti.
856 3033 929 3092 Hor.
953 3033 988 3092 Α.
1012 3032 1044 3090 Ρ.
1069 3025 1141 3087 467,

618 3170 709 3233 1035.

62 3287 109 3344 In
140 3281 260 3351 vulnus
283 3296 432 3355 nunquam
456 3279 564 3347 virtus,
588 3279 754 3351 sedsaepe
777 3275 869 3335 libido

62 3383 243 3460 Impellit,
274 3383 431 3456 turpisque
460 3384 568 3441 emitur
594 3384 640 3441 vel
662 3387 757 3440 morte
778 3381 923 3452 volupiae.
969 3376 1073 3437 Manil.
1105 3377 1226 3437 Astron.

1096 3476 1131 3549 5,
1159 3475 1229 3539 112.

615 3598 707 3662 1036.

346 3709 384 3768 Jo
407 3724 517 3800 messes
539 3713 570 3766 et
591 3707 671 3766 bona
690 3706 760 3764 vina
781 3699 863 3763 datel
886 3703 951 3762 Tib.
976 3703 1058 3775 Eleg.
1086 3699 1112 3773 1,
1132 3701 1159 3773 1,
1176 3696 1227 3763 24.

616 3839 708 3904 1037.

67 4106 211 4223 01111010
232 4157 394 4230 supercilio
418 4157 571 4216 moventis,
617 4157 690 4216 Hor.
714 4155 768 4214 Od.
793 4150 828 4224 3,
855 4150 890 4223 1,
914 4148 944 4214 6.

612 4271 704 4336 1038.
821 4287 822 4290 ’

230 4422 236 4432 ·
344 4383 427 4441 Iovis
451 4382 550 4441 omnio
570 4382 669 4455 plena.
715 4381 796 4453 Virg.
821 4381 893 4438 Buo.
918 4375 953 4450 3,
978 4375 1029 4436 60.
