2978 5048
722 339 763 403 42

640 421 843 440 vavxnnm

704 530 773 594 534.

181 635 238 694 Est
259 638 373 695 enimus
397 635 465 707 tibi,
489 641 558 696 sunt
580 652 677 698 mores
700 643 729 696 et
749 639 850 712 lingue
870 637 1011 712 fidesque,

181 740 241 800 Sed
265 740 486 815 quadringentis
509 756 561 798 sex
582 746 693 813 septem
715 743 797 807 milia
819 742 939 801 desunt:

180 845 267 904 Plebs
291 844 360 902 eris.
382 871 424 882 -
466 843 539 900 Hor.
562 841 618 915 Ep.
645 841 679 912 1,
706 841 739 914 1,
763 839 846 907 57„
958 871 962 878 .

704 958 776 1021 535.

183 1067 240 1125 Est
263 1064 419 1137 cupiditati
442 1065 559 1137 etipsa
581 1066 668 1126 tarda
690 1068 839 1126 celeritas.
882 1067 915 1126 P.
940 1067 1004 1140 Syr.

708 1181 780 1244 536.

177 1287 236 1348 Est
259 1287 331 1347 deus
352 1289 384 1347 in
406 1288 506 1358 nobie,
530 1292 599 1346 sunt
621 1293 652 1346 et
673 1290 849 1347 commercia
871 1290 953 1348 coeli.
988 1290 1039 1349 Ov.
1062 1290 1097 1348 A.
1121 1289 1156 1350 A.
1181 1287 1210 1362 3,
1234 1286 1311 1352 549.

704 1404 776 1469 537.

178 1513 253 1572 Este
275 1512 379 1585 procul
401 1511 468 1570 lites
492 1518 523 1571 et
544 1529 662 1571 amarae
684 1513 799 1586 proelia
819 1514 953 1586 linguae!

264 1613 408 1678 Dulcibus
431 1620 476 1674 est
497 1615 595 1675 verbis
618 1615 715 1675 mollis
738 1616 862 1680 alendus
885 1631 977 1674 amor.
1018 1613 1219 1688 Ov.A.A.2‚
1239 1614 1310 1679 151.

704 1730 744 1790 53
769 1779 775 1793 .
1343 1774 1347 1789 ,

177 1839 234 1897 Est
256 1843 285 1897 et
306 1837 386 1897 fideli
408 1841 472 1895 tuta
493 1837 613 1901 silentio
748 1730 766 1794 8
1333 1792 1347 1877 4

177 1941 306 2006 Merces.
331 1969 368 1989 -r
413 1941 485 2008 Bor.
511 1939 564 1999 Od.
588 1935 623 2011 3,
646 1933 681 2035 2,
704 1937 754 1998 25.

705 2056 777 2125 539.

177 2166 235 2225 Est
257 2168 345 2231 etiem
367 2166 482 2232 miseris
504 2165 601 2242 pietas
624 2169 655 2230 et
675 2163 707 2225 in
719 2164 804 2227 hoste
821 2164 973 2238 probetur.
1005 2168 1056 2226 Ov.
1069 2167 1158 2229 Trist.
1174 2166 1201 2241 1,
1214 2166 1247 2242 9,
1259 2166 1310 2235 35.

701 2280 772 2345 540.

178 2390 236 2455 Flet
255 2389 325 2453 fidei
345 2406 443 2453 rerum
461 2388 566 2449 foedus
578 2388 742 2462 paucisque
754 2387 905 2449 tributum.
933 2387 1037 2449 Manil.
1050 2388 1170 2455 Astron.
1185 2391 1215 2462 2,
1235 2389 1310 2459 6115.

701 2484 773 2548 541.

179 2595 236 2655 Est
256 2596 288 2655 in
311 2614 388 2672 equa
409 2596 489 2656 dulci
511 2613 571 2655 non
592 2594 740 2653 invidiose
761 2595 908 2667 volupiae.
953 2595 1006 2654 Ov.
1029 2597 1113 2656 Pont.
1137 2592 1170 2668 2,
1195 2595 1232 2670 7,
1257 2595 1310 2659 73.

371 2691 373 2695 ’
700 2687 772 2754 542.

425 2802 513 2862 Est.
537 2846 544 2859 .
568 2845 576 2862 .
601 2846 608 2860 .
631 2800 760 2873 injustus
784 2799 870 2858 dolor

178 2906 287 2967 Rerum
310 2907 489 2970 aestimator.
513 2933 555 2944 -
599 2905 666 2971 Seu.
690 2903 799 2965 Troad.
823 2897 894 2962 546.

701 3002 773 3069 543.

422 3112 479 3171 Est
500 3113 584 3170 locus
606 3111 679 3170 uni·

174 3215 289 3291 cuique
312 3233 390 3274 suus.
417 3243 455 3254 -
499 3215 572 3272 Hor.
597 3215 659 3297 Set.
686 3210 717 3283 1,
741 3207 776 3282 9,
800 3208 850 3271 51.

701 3311 771 3372 544.

177 3422 234 3480 Est
255 3423 339 3481 luxus
363 3423 521 3496 populator
543 3437 646 3495 opum,
670 3437 755 3494 quem
780 3435 868 3495 saepe
891 3419 1055 3478 adhaerens

175 3523 281 3585 Infelix
305 3525 408 3584 humili
430 3541 533 3598 gressu
557 3524 714 3583 comitatur
737 3529 862 3595 egestas.
908 3521 1011 3583 Claud.
1034 3522 1130 3581 Rufin.
1157 3517 1184 3593 1,
1211 3519 1265 3583 35.

699 3621 771 3683 545.

87 3713 93 3725 ’
173 3732 231 3824 Est
252 3731 342 3790 miser
363 3748 450 3791 nemo
472 3731 531 3790 nisi
553 3733 752 3801 comparatus.
789 3726 857 3786 Sen.
872 3729 979 3788 Troad.
1007 3724 1097 3786 1124.

703 3826 775 3890 546.

173 3937 230 3996 Est
267 3937 458 4007 miserorum,
493 3940 527 3994 ut
562 3936 773 3995 malevolentes
804 3935 863 3993 sint
897 3941 986 4008 etque
1020 3933 1172 3992 invideant
1209 3934 1306 3996 bonis.

904 4038 999 4097 Plaut.
1024 4035 1109 4110 Capt·
1134 4034 1168 4107 3,
1193 4033 1228 4107 4,
1254 4035 1305 4098 51.

700 4137 772 4201 547.

174 4249 231 4308 Est
252 4245 355 4307 modus
377 4247 408 4305 in
430 4246 533 4318 rebuS,
558 4249 626 4303 sunt
649 4244 723 4303 certi
746 4243 872 4318 denique
894 4244 977 4311 fines,

174 4353 252 4424 Quos
275 4353 353 4412 ultre
375 4349 509 4424 citraque
531 4348 635 4422 nequit
652 4346 815 4412 consistere
830 4354 951 4409 rectum.
982 4347 1054 4404 Hor.
1069 4345 1128 4405 Sat.
1145 4342 1172 4416 1,
1189 4341 1217 4419 1,
1234 4344 1305 4413 los.
