2978 5048
641 438 846 455 ww

178 542 333 610 Quaerere:
351 538 386 594 ci.
404 540 587 610 Investigatio.

177 629 328 699 Quaestus,
355 627 474 683 Lucrum
493 626 537 696 [cf.
558 628 656 683 Studia
672 629 710 697 11:
736 645 786 683 suo
814 630 928 697 quisque
953 627 1078 697 quaestui
1097 628 1203 696 [lucro]
1224 627 1317 683 studet

381 713 423 767 26,
459 713 519 768 117.
554 715 632 769 1115,
670 715 753 770 1789:
777 715 864 769 omnis
880 722 1010 783 quaestus
1024 714 1165 784 jucundus
1185 720 1233 768 est
1249 715 1317 768 1160

382 815 434 853 nec
457 807 548 854 tamen
572 815 682 869 semper
707 801 818 854 saluber
844 801 926 854 1603:
955 809 1084 871 quaestus
1112 801 1248 872 [lucrum]
1275 807 1318 855 est

382 886 462 940 etiam
481 886 523 954 id,
542 886 615 955 quod
632 893 745 954 praeter
764 901 841 954 spem
857 886 937 940 uobis
954 889 1068 956 contigit
1083 887 1163 941 2119.

177 970 299 1040 Querela
322 970 365 1041 [cf.
384 971 518 1041 ldaernr]:
547 973 717 1041 querelarum
743 989 881 1041 nunquam
908 988 992 1028 eausa
1015 973 1094 1027 deest
1119 973 1191 1028 577:
1225 975 1317 1029 miseri

382 1058 508 1126 querelas
527 1066 618 1112 emant
639 1060 689 1112 54:
715 1059 831 1114 verbosa
860 1059 972 1128 querele
989 1059 1090 1113 Veneri
1116 1060 1317 1128 praestasse:

380 1143 506 1198 assiduae
525 1145 655 1214 querelae
673 1161 755 1215 saepe
773 1147 865 1201 odium
883 1145 1067 1202 morent104.

178 1228 278 1298 Quies:
295 1229 329 1284 cf.
348 1230 446 1285 Otium.

179 1555 260 1612 Ratio
283 1555 327 1625 [cf.
345 1556 465 1610 Animus.
501 1556 665 1626 Ingeniuml:
684 1558 782 1611 rationi
801 1558 867 1611 nihil
886 1557 1014 1610 resistere
1032 1561 1124 1625 potest
1139 1557 1231 1612 226οε
1254 1558 1311 1627 plu·

381 1645 476 1696 rimum
494 1643 585 1697 valere
611 1645 682 1698 solet
704 1643 784 1697 2823:
813 1659 863 1697 nec
888 1642 1015 1709 decipere
1037 1657 1089 1697 nec
1107 1642 1202 1711 decipi
1220 1649 1310 1712 potest

380 1730 463 1783 1403:
488 1731 594 1784 ratione
619 1730 654 1783 ad
676 1730 756 1783 deum
778 1731 892 1798 propius
917 1726 1069 1782 accedimus
1093 1727 1162 1783 445:
1192 1730 1309 1798 cupidini

381 1817 517 1871 enumeris
533 1816 583 1870 49:
602 1817 668 1871 nihil
686 1815 743 1870 iere
762 1817 868 1871 ratione
887 1816 1009 1884 cupimus
1027 1820 1075 1869 aut
1091 1815 1221 1871 timemus
1235 1816 1308 1872 2089.

176 1899 330 1958 Recitator:
349 1903 523 1957 recitatorem
541 1902 667 1956 acerbum
688 1902 782 1956 audire
800 1919 878 1957 nemo
896 1902 955 1957 vult
971 1900 1030 1955 915.

175 1986 331 2043 Munatio:
350 1987 383 2042 ci.
402 1988 505 2044 Ludus.
541 1988 641 2043 Otium.
678 1988 800 2044 Somnus.

175 2071 303 2129 nutum
322 2073 355 2128 cf.
374 2074 476 2129 Virtus.

175 2157 263 2231 Reges
283 2158 327 2228 [ef.
345 2161 505 2230 Imperator.
541 2161 681 2217 Potentes.
717 2161 862 2229 TyranniJ:
892 2177 959 2230 opes
984 2174 1222 2300 regumfilrlnagnae
1247 2163 1307 2214 sunt

380 2249 429 2303 78:
452 2265 545 2318 regum
564 2248 717 2316 exemplum
736 2263 865 2302 summam
882 2249 911 2303 in
927 2246 1074 2317 populum
1146 2245 1234 2300 habet
1250 2245 1305 2299 289.

380 2336 458 2390 2298.
476 2335 554 2388 2680.
571 2333 648 2388 2737.
668 2334 749 2388 2766:
770 2349 818 2387 rex
837 2336 898 2403 quis
915 2335 952 2388 sit
965 2333 1045 2389 2292:
1063 2331 1176 2402 regibus
1193 2332 1306 2387 maxime

381 2439 474 2491 regum
494 2423 566 2476 salus
584 2420 687 2475 tuenda
706 2427 750 2475 est
767 2421 846 2474 2274:
864 2421 951 2474 malus
968 2419 1040 2488 regis
1058 2418 1221 2473 consiliator
1239 2432 1306 2472 sum·

380 2524 491 2578 mopere
515 2513 597 2562 nocet
618 2507 683 2560 285;
709 2522 789 2574 reges
809 2522 887 2561 amor
904 2522 1014 2561 suorum
1031 2506 1117 2559 multa
1134 2509 1212 2559 vetet
1229 2503 1305 2558 1342:

379 2594 515 2665 quomodo
533 2607 612 2661 reges
630 2593 737 2646 coelum
755 2598 852 2660 petant
860 2592 944 2648 2001:
962 2594 1009 2662 qui
1026 2589 1112 2646 amari
1128 2591 1235 2659 uolunt,
1252 2590 1307 2645 lan·

381 2682 462 2751 guide
490 2685 605 2748 regnunt
628 2678 712 2732 2199:
741 2678 871 2749 sanguiue
897 2680 1014 2733 humano
1041 2677 1201 2732 abstineant
1227 2675 1305 2731 aest:

379 2767 562 2837 pulcherrima
586 2781 618 2819 ae
645 2764 843 2834 jucundissima
870 2781 962 2834 regum
990 2768 1113 2833 potestas
1141 2769 1187 2818 est
1211 2776 1305 2832 preses

380 2854 475 2909 audire
494 2858 522 2905 et
539 2851 654 2905 miseros
672 2857 818 2920 protegere
835 2851 894 2906 218.
929 2851 988 2904 856.
1013 2850 1093 2904 2272:
1112 2865 1210 2918 regum
1227 2849 1305 2903 male·

381 2941 453 2995 facte
471 2938 574 3007 populo
594 2936 694 2990 luenda
711 2944 775 2992 sunt
792 2938 874 2992 2122:
902 2954 996 3006 regum
1016 2935 1090 2991 facts
1113 2953 1172 2990 non
1194 2933 1307 2990 ferenda

380 3028 476 3094 solum,
495 3040 588 3078 verum
608 3026 690 3079 etiam
708 3024 846 3078 laudanda
862 3024 964 3092 populo
983 3029 1047 3077 sunt
1056 3021 1136 3077 1231:
1156 3022 1198 3076 ira
1216 3037 1306 3090 regum

379 3127 488 3180 semper
512 3110 668 3177 periculosa
693 3110 755 3164 79οε
786 3111 876 3179 magni
901 3111 973 3179 regis
998 3115 1040 3165 est
1065 3108 1157 3164 odium
1183 3121 1306 3176 premere

377 3198 461 3253 2273:
481 3197 527 3265 qui
539 3212 654 3265 regnare
667 3214 722 3251 non
737 3197 824 3264 ignari
841 3202 915 3264 sunt,
933 3196 1023 3250 odium
1041 3195 1118 3249 nimis
1138 3210 1195 3248 non
1213 3194 1306 3248 timent

378 3284 461 3337 1761:
479 3281 568 3350 pudor
586 3283 697 3352 regibus
716 3298 799 3349 saepe
818 3298 899 3339 curae
918 3298 973 3337 non
991 3286 1102 3334 estnec
1119 3279 1216 3347 placet
1235 3279 1305 3333 1221.

379 3370 460 3424 2819:
479 3385 557 3438 reges
575 3369 639 3424 faeti
657 3369 782 3438 plerique
803 3369 898 3438 injusti
916 3374 997 3436 atque
1014 3365 1139 3421 infideles
1153 3371 1221 3421 sunt
1229 3363 1307 3419 1359:

378 3457 485 3524 iniquos
508 3462 537 3510 et
562 3456 648 3509 malos
672 3471 750 3524 reges
773 3455 864 3516 necari
893 3453 944 3508 deo
973 3452 1047 3508 haud
1072 3451 1202 3520 displicet
1226 3450 1306 3507 2806:

379 3558 441 3596 raro
460 3543 519 3595 sine
538 3545 668 3611 sanguine
687 3543 841 3596 moriuntur
850 3540 898 3594 15:
917 3539 1081 3595 carminibus
1093 3553 1156 3591 sese
1175 3537 1309 3592 celebrari

379 3635 469 3681 amant
487 3627 562 3680 1472.

174 3710 269 3783 &gau
287 3711 330 3781 [cl.
349 3710 453 3768 Honor.
488 3713 640 3781 Imperium.
676 3714 815 3781 Mejestas.
842 3710 996 3780 Potestas]:
1014 3715 1076 3764 tuta
1092 3726 1148 3765 non
1167 3717 1236 3767 sunt
1251 3711 1309 3767 250

379 3799 438 3855 682.
474 3799 554 3853 1048:
580 3815 613 3853 ex
631 3799 747 3853 ‘fortuna
770 3798 892 3866 pendent
910 3797 984 3853 1848.
1023 3795 1104 3850 1967:
1131 3796 1226 3865 regnis
1244 3797 1309 3850 invi-

378 3886 458 3940 detur
487 3886 561 3938 1026.
603 3885 685 3938 2563:
713 3884 781 3938 fides
808 3886 937 3953 optimum
962 3898 1105 3952 regnorum
1139 3881 1308 3949 praesidium

377 3972 440 4025 686:
465 3987 520 4025 non
547 3972 587 4038 vi,
615 3971 664 4024 sed
692 3972 808 4025 amicitia
826 3970 935 4024 stabilia
952 3968 1022 4023 fiunt
1038 3968 1103 4023 565:
1130 3968 1209 4023 socia
1227 3984 1311 4037 regna

376 4072 485 4112 manere
505 4064 645 4125 nequeunt
671 4056 745 4111 1588.
781 4056 857 4110 1593.
895 4055 969 4108 1693.
1006 4054 1081 4108 1108.
1116 4053 1204 4107 2498:
1234 4056 1311 4123 regni

377 4144 494 4198 societas
513 4143 589 4197 nulla
607 4149 701 4197 sancte
719 4142 795 4197 1103.
832 4143 913 4197 1829;
931 4143 1025 4209 iniqua
1043 4155 1128 4210 regna
1146 4156 1204 4195 non
1220 4142 1309 4197 solent

378 4234 450 4282 stare
468 4228 519 4281 972
538 4245 625 4297 neque
644 4230 762 4283 violenta
777 4229 845 4283 2835
863 4244 952 4297 neque
968 4228 1056 4282 invisa
1066 4227 1135 4281 1031
1154 4244 1248 4296 neque
1267 4241 1306 4293 es,

378 4316 474 4385 quibus
497 4314 587 4385 pudor
609 4316 717 4385 justitia
741 4316 869 4370 sanctitas
893 4316 982 4384 pietas
1005 4312 1074 4367 fides
1099 4313 1202 4370 desunt
1228 4315 1309 4370 2700:
