2948 5040
735 328 796 392 too

663 414 867 429 ΜΜᾺΛΜ

720 521 811 584 1793.

127 698 131 725 ι
190 629 328 699 Omnes,
346 630 454 705 quibus
464 646 512 689 res
527 636 595 689 sunt
607 632 703 689 minus
715 629 873 698 secundae,
885 631 978 703 magis
992 635 1061 688 sunt
1073 627 1175 687 nescio
1188 627 1334 702 quomodo

186 734 384 807 Suspiciosi;
407 733 445 792 ad
467 735 675 792 contumeliam
697 734 797 791 omnia
819 735 971 806 occipiunt
993 734 1100 806 magis:

188 837 337 910 Propter
357 854 440 896 enm
451 839 657 912 impotentiam
670 852 702 895 se
715 853 833 909 semper
844 837 970 896 credunt
980 836 1087 896 ludier.
1114 838 1182 895 Ter.
1194 835 1250 895 Ad.
1260 830 1332 891 695.

718 971 809 1035 1791.

183 1077 295 1137 Omne
320 1077 375 1136 snb
398 1092 490 1149 regno
512 1079 649 1151 graviore
672 1095 793 1151 regnum
817 1085 872 1138 est.
917 1079 985 1138 Sen.
1009 1077 1128 1151 Thyest.
1153 1069 1225 1131 oto.

721 1211 812 1276 1795.

452 1318 562 1377 Omnes
586 1335 645 1377 uno
666 1326 767 1379 manet
789 1336 846 1378 nox

284 1421 331 1480 Et
352 1421 496 1495 calcando
516 1423 607 1481 semel
629 1422 677 1480 via
698 1423 760 1482 leti.

185 1526 279 1587 Dant
305 1526 380 1583 alios
406 1522 515 1583 Furiae
538 1530 623 1582 torvo
645 1527 816 1598 spectaculo
835 1524 936 1593 Marti,

281 1628 387 1687 Exitio
409 1636 456 1686 est
478 1626 594 1686 aridum
617 1645 698 1687 mare
720 1629 835 1687 nantis:

184 1730 298 1793 lim
320 1748 423 1790 oennrn
445 1748 481 1790 oo
503 1733 640 1803 juvenum
664 1731 827 1791 densantur
850 1733 966 1793 funere.
988 1732 1098 1790 nullum

285 1834 385 1894 Saeva
407 1841 497 1908 capnt
518 1834 698 1908 Proserpina
720 1834 803 1908 fugit.
849 1837 923 1894 Hor.
947 1835 1001 1894 od.
1029 1831 1061 1903 l,
1085 1829 1142 1901 28,
1168 1830 1215 1890 15.

719 1967 810 2033 1796.

180 2079 290 2139 Omne
316 2092 533 2149 supervacuum
556 2077 645 2148 pleno
669 2075 705 2134 de
728 2082 849 2149 pectore
872 2082 981 2135 manat.
1026 2077 1098 2135 Hor.
1122 2076 1156 2132 A.
1180 2074 1214 2132 Ρ.
1238 2068 1310 2130 337.

137 2236 140 2241 -
718 2192 808 2256 1797.

129 2344 132 2355 .
178 2301 291 2363 Omne
317 2298 386 2358 tulit
405 2305 563 2372 punctum,
595 2300 646 2373 qni
677 2301 796 2358 miscuit
818 2302 891 2359 utile
913 2300 1001 2358 dulci.
1046 2299 1119 2357 Hor.
1143 2300 1178 2357 A.
1201 2297 1234 2356 P.
1258 2289 1329 2351 343.

721 2433 811 2496 1798.

182 2539 314 2601 Omnia
335 2539 473 2598 conando
496 2539 601 2598 docilis
624 2542 749 2600 solertia
770 2541 871 2600 vincit.
916 2542 1017 2600 Manil.
1041 2542 1161 2600 Astron.
1188 2536 1220 2609 1,
1243 2533 1293 2594 95.

717 2674 809 2736 1799.

182 2781 316 2843 Omnia
338 2778 492 2838 deliciunt:
515 2780 629 2838 animus
651 2788 748 2841 tamen
772 2784 871 2841 omnia
893 2784 999 2849 t·incit;

284 2884 344 2942 Ille
366 2884 454 2941 etiam
478 2883 556 2940 viros
579 2902 686 2958 eorpus
709 2885 820 2943 habere
843 2885 923 2943 tacit

130 2964 139 2995 ²
177 2987 359 3051 Sustinent
381 2994 415 3044 nt
434 3002 524 3055 onus,
547 2988 700 3046 nitendum
724 2991 835 3047 vortice
856 2991 946 3061 pleno
968 2993 1028 3046 est:

179 3096 184 3104 '
281 3090 327 3148 At
349 3088 426 3148 flecti
451 3106 557 3147 nervos
581 3092 605 3147 si
629 3091 761 3163 patiare,
786 3092 881 3149 cadet.
928 3092 981 3149 (lv.
1005 3092 1090 3148 Pont.
1113 3085 1151 3158 2,
1176 3086 1211 3153 ἶ,
1236 3084 1286 3144 ῑ5.

719 3223 811 3286 1899.

448 3328 554 3387 Omnia
576 3331 707 3402 experiri
731 3340 844 3390 certum
867 3340 913 3392 est
935 3334 1018 3405 prius
1046 3348 1132 3405 qnam
1162 3344 1263 3402 pereo.
1287 3356 1327 3365 -

1049 3435 1116 3493 Tor.
1140 3432 1232 3491 Andr.
1255 3427 1328 3489 311.

720 3566 810 3629 1891.

176 3677 309 3738 omnia
330 3672 387 3732 fert
408 3680 506 3743 ortae,
531 3675 659 3732 animum
684 3692 811 3748 qnoque.
835 3702 875 3714 -
920 3675 1000 3747 Virg.
1023 3674 1095 3732 Boc,
1117 3670 1152 3739 9,
1177 3669 1227 3732 51.

714 3791 803 3853 18112.

449 3898 556 3955 Omnia
578 3899 684 3965 luctus,

348 4000 454 4058 Omnia
476 4000 595 4058 solliciti
619 4003 708 4074 plena
724 4002 840 4060 timoris
853 4009 949 4061 erant.
980 4002 1032 4060 Or.
1045 4002 1116 4059 llor.
1131 3997 1161 4070 ὃ,
1176 3998 1226 4058 75.

712 4135 803 4198 1803.

445 4238 553 4297 Omnia
573 4241 710 4313 migrant,

171 4344 304 4408 Omnia
326 4349 488 4401 conmutat
509 4350 616 4402 natura
637 4350 669 4403 et
689 4352 805 4404 restore
828 4346 917 4419 cogit.
949 4345 1069 4404 Lucret.
1092 4347 1127 4404 R
1148 4347 1185 4404 N.
1208 4343 1239 4417 5,
1254 4340 1327 4403 tto.
