2978 5048
717 584 810 648 2065.

170 691 295 764 Quem
320 709 381 751 ncu
403 694 484 751 mille
506 692 598 763 ferse,
623 708 709 766 quem
732 709 792 751 uon
816 691 1003 752 Stheneleius
1026 693 1131 766 hostis,

288 796 358 855 Non
380 797 479 868 potuit
501 796 581 855 luno
604 797 736 855 vincere:
766 796 858 854 vincit
880 812 971 856 amor.
1017 796 1070 859 Or.
1092 797 1166 856 Her.
1191 792 1220 867 9,
1243 792 1294 854 25.

718 893 811 958 2066.

173 1003 296 1075 Quem
320 1003 454 1075 poenitet
476 1019 630 1076 peccasse,
662 1019 755 1076 paene
779 1008 825 1060 est
846 1002 998 1063 innocens.
1045 1003 1113 1064 Seu.
1136 1001 1239 1075 Agam.
1264 997 1336 1063 243.

722 1116 817 1182 2067.

179 1227 298 1300 Quem
321 1225 451 1285 referent
472 1226 592 1297 Musae,
616 1227 710 1297 vivet,
735 1227 802 1285 dum
826 1227 936 1285 robora
958 1229 1055 1298 tellus,

290 1329 369 1386 Dum
393 1331 506 1388 coelum
536 1331 652 1402 stellas,
683 1331 750 1389 dum
777 1329 866 1389 vehet
896 1332 989 1389 amnis
1016 1347 1118 1404 66666.
1162 1330 1227 1390 Tib.
1252 1330 1337 1402 Eleg.

1172 1431 1204 1504 t,
1229 1430 1264 1504 4,
1288 1429 1339 1493 65.

724 1529 818 1597 2068.

191 1641 301 1712 Quem
324 1655 372 1698 res
394 1639 461 1711 plus
485 1639 575 1697 nimio
599 1639 784 1699 delectavere
807 1639 964 1709 secundae,

189 1743 343 1803 Mutatae
366 1743 511 1815 quatient.
534 1772 574 1781 —
618 1744 692 1803 Hor.
716 1743 773 1817 Ep.
801 1742 832 1814 1,
859 1738 915 1814 10,
940 1738 990 1802 30.

723 1858 817 1923 2069.

195 1969 302 2041 Quem
317 1983 406 2040 saepe
420 1967 528 2025 transit
543 1983 638 2039 casus,
662 1968 820 2041 aliquando
841 1967 964 2027 invenit.
994 1967 1063 2027 Seu.
1076 1967 1165 2026 Herc.
1180 1967 1252 2028 Fur.
1267 1963 1339 2030 328.

725 2083 819 2148 2070.

199 2191 302 2262 Quem
326 2206 468 2262 superare
491 2195 595 2263 potes,
617 2192 766 2250 interdum
788 2192 872 2250 vince
895 2189 1036 2248 ferendo:

197 2294 342 2353 Maxima
365 2293 444 2352 enim
468 2311 566 2352 rerum
590 2311 707 2369 semper
728 2294 875 2368 patientia
897 2294 1000 2352 virtus.
1038 2291 1103 2352 Cat.
1127 2293 1205 2353 Dist.
1233 2290 1266 2364 1,
1289 2287 1340 2351 38.

726 2393 820 2456 2071.

202 2499 303 2572 Quem
326 2505 441 2558 taurum
464 2501 587 2570 metuis,
618 2500 742 2559 vitulum
763 2504 893 2561 mulcere
916 2501 1049 2561 sclebas:

297 2601 356 2661 Sub
380 2620 438 2676 qua
460 2621 538 2662 uunc
561 2594 689 2662 recubas
711 2606 834 2677 arbore,
857 2606 941 2678 virga
962 2605 1025 2666 1611.

201 2706 351 2767 Nascitur
373 2707 510 2781 exiguus,
534 2707 585 2765 sed
608 2723 681 2779 opes
705 2710 835 2782 acquirit
857 2709 964 2779 eundo,

297 2810 418 2883 Quaque
441 2812 530 2879 veuit,
554 2811 661 2869 multas
685 2812 794 2885 accipit
816 2813 909 2870 amuis
922 2828 1024 2887 aquas.
1053 2810 1105 2870 Ov.
1119 2811 1154 2868 A.
1169 2809 1205 2869 A.
1224 2805 1254 2880 2,
1269 2803 1341 2869 341.

728 2926 822 2991 2072.

458 3032 551 3104 Quem
573 3040 603 3092 16
626 3035 698 3093 deus
721 3052 786 3095 esse

204 3135 306 3193 Jussit
327 3140 358 3195 61
379 3135 508 3196 bumana
532 3153 591 3210 qua
612 3145 699 3211 parte
720 3141 834 3198 locatus
858 3155 890 3197 es
914 3139 944 3196 in
967 3155 1000 3197 re

203 3238 310 3296 Disce.
337 3269 373 3278 -
419 3237 486 3299 Juv.
512 3239 573 3298 Sat.
598 3236 708 3312 3,.71.

727 3341 820 3405 2073.

457 3445 549 3517 Quem
578 3453 707 3507 vestrum
742 3450 851 3524 pocula
880 3450 960 3508 sicca
993 3449 1119 3519 juvant?
1164 3447 1228 3507 Tib.
1258 3447 1340 3520 Eleg.

1178 3544 1266 3623 3‚6‚
1293 3547 1340 3611 18.

725 3653 819 3720 2074.

206 3757 302 3829 Quem
326 3762 412 3815 vocet
435 3757 533 3815 divum
556 3762 685 3833 populus
708 3765 823 3823 ruentis

205 3859 320 3934 Imperi
343 3860 452 3920 rebus?
475 3889 516 3898 -
561 3863 633 3923 Hor.
659 3865 715 3926 Od.
742 3862 775 3938 1,
799 3862 834 3938 2,
857 3860 909 3925 25.

726 3982 820 4047 2075.

459 4087 515 4160 Qui
539 4091 664 4150 alterum
687 4093 805 4153 incusat
825 4092 944 4166 probri,
969 4107 1035 4151 eum
1058 4093 1154 4165 ipsum
1179 4112 1210 4153 se
1232 4096 1343 4154 intueri
1450 4090 1454 4099 ’

774 4203 902 4271 oportet.
942 4198 1038 4257 Plaut.
1062 4198 1150 4256 Truc.
1178 4196 1209 4271 1,
1233 4193 1268 4271 2,
1292 4192 1342 4260 58.

728 4313 823 4379 2076.

459 4416 516 4488 Qui
526 4426 635 4489 amant,
644 4420 703 4493 ipsi
713 4423 771 4483 sibi
784 4422 1028 4495 somniafingunt.
1050 4422 1215 4492 7166366.
1229 4422 1258 4496 8,
1272 4420 1343 4484 108.

260 4510 395 4560 Frommelt,
408 4511 552 4561 Florilegium
566 4514 678 4554 Latinum.
1102 4522 1137 4580 11
