2978 5048
752 329 809 392 133

678 415 720 430 W*
727 416 787 430 Ant*
791 415 881 429 ntum

728 521 818 587 1712.

196 629 339 702 Nullum
363 630 536 689 beneficium
559 646 624 689 esse
658 631 732 689 duee
758 630 803 699 id,
835 647 917 698 eum,
945 631 992 687 eui
1017 631 1123 704 faciae,
1153 652 1211 693 non
1234 639 1343 709 placet.

946 739 1042 796 Plaut.
1066 737 1147 796 Trin.
1172 733 1207 808 3,
1232 734 1267 809 2,
1294 734 1340 798 12.

733 832 823 896 1713.

371 941 489 1002 Nullum
513 943 636 1014 estjam
659 941 778 1011 dietum,
803 941 880 1015 qued
902 958 961 1003 nen
985 943 1024 1002 sit
1036 943 1145 1003 dietum
1157 946 1248 1018 prius.
1272 945 1341 1006 Ter.

1190 1047 1266 1107 Eun.
1290 1045 1340 1105 41.

735 1142 825 1207 1714.

462 1251 579 1309 Nullum
602 1251 632 1309 in
656 1251 744 1309 terris
768 1257 825 1310 tam
850 1252 1023 1313 detestabile
1045 1253 1162 1314 factum.
1201 1256 1340 1316 111611.

1193 1354 1241 1430 13,
1269 1353 1339 1419 126.

734 1453 823 1518 1715.

461 1561 580 1619 Nullum
604 1559 794 1618 memorabile
816 1577 922 1620 nomen

203 1662 357 1723 Feminea
371 1663 402 1721 in
418 1679 514 1736 poena
529 1669 574 1723 est
588 1664 746 1722 nechabet
762 1666 888 1724 victorie
899 1665 1025 1726 laudem.
1050 1666 1130 1741 Virg.
1146 1668 1219 1726 Aen.
1230 1662 1258 1734 2,
1268 1663 1339 1726 583.

732 1762 821 1828 1716.

197 1872 334 1931 Nullum
358 1886 463 1928 numen
487 1869 593 1941 habes,
618 1871 704 1942 11111
726 1871 899 1942 prudentia:
922 1888 975 1930 nos
999 1878 1038 1944 te,

196 1977 268 2035 Nos
296 1974 430 2042 ianime,
453 1974 597 2044 Fortuna,
622 1975 705 2033 deam
723 1975 865 2048 coeloque
879 1977 1018 2034 locamus.
1047 1976 1188 2036 161811.
1204 1970 1338 2047 111365.

731 2071 822 2136 1717.

459 2180 578 2238 Nullum

202 2287 310 2347 saeva
334 2288 423 2357 caput
444 2283 626 2358 Proserpina
648 2282 732 2356 fugit.
777 2284 849 2343 Hor.
875 2283 929 2342 Od.
957 2278 988 2355 1,
1013 2279 1070 2356 28,
1099 2281 1144 2342 19.

732 2381 822 2446 1718.

200 2493 318 2553 Nullus
342 2489 379 2548 ad
402 2489 526 2548 emissas
549 2489 606 2547 ibit
627 2491 738 2548 amicus
762 2507 843 2565 opes.
890 2491 942 2550 Ov.
966 2491 1054 2550 Trist.
1084 2489 1113 2560 1,
1135 2487 1176 2562 '95
1200 2488 1247 2550 10.

731 2589 821 2654 1719.

206 2701 321 2760 Nullus
346 2712 428 2756 amor
449 2696 527 2754 vires
550 2695 641 2769 eripit
662 2697 727 2770 ipse
751 2716 827 2757 suas.
872 2699 960 2770 Prop.
984 2697 1067 2770 Eteg.
1093 2691 1126 2768 2,
1151 2694 1207 2768 22,
1232 2696 1281 2758 28.

733 2795 823 2858 17211.
856 2871 861 2879 .

154 2928 158 2977 ῑ
201 2905 315 2965 Nullus
341 2908 462 2976 argento
486 2903 568 2961 color
590 2908 636 2961 est
658 2902 754 2962 avaris

154 2992 156 3015 ⁵
203 3009 320 3069 Abdito
344 3007 433 3065 terris
443 3049 858 3077 ..............

205 3109 527 3173 .....·...11isi
551 3114 716 3182 temperate

294 3213 460 3288 Splendeat
483 3231 548 3271 usu.
592 3215 666 3272 Hor.
691 3214 744 3273 Od.
768 3207 805 3283 2,
829 3209 864 3282 2,
892 3211 917 3269 1.

335 3340 338 3346 ¹
439 3343 440 3346 ¹
730 3311 821 3374 1721.

199 3424 311 3484 Nullus
336 3420 415 3479 enim
439 3400 535 3492 mag'ni
559 3420 679 3479 sceleris
702 3420 795 3479 labor.
820 3450 860 3458 —
904 3408 969 3479 Juv.
993 3418 1054 3478 Sat.
1083 3415 1135 3489 14,
1159 3415 1230 3478 224.

725 3517 816 3581 1722.
887 3563 889 3569 ,

458 3627 564 3684 Nullus
588 3634 633 3686 est
655 3626 769 3684 miseris
793 3625 898 3709 pedor.
944 3625 1012 3686 Seu.
1036 3627 1107 3685 0ed.
1132 3621 1182 3686 65.
1208 3653 1210 3656 <

730 3725 820 3786 1723.

186 3839 309 3900 Nullus
338 3804 416 3892 tiber
437 3833 507 3902 erit,
532 3833 556 3890 si
582 3835 645 3906 quis
670 3849 769 3891 amare
791 3834 878 3891 volet.
923 3833 1012 3906 Prep.
1037 3834 1121 3906 Eleg.
1145 3827 1180 3903 2,
1208 3826 1260 3903 18,
1285 3829 1336 3890 86.

154 3924 156 3933 ’
344 3949 347 3952 ’
727 3931 817 3995 1724.

457 4038 585 4096 Numero
614 4029 685 4096 deus
713 4039 827 4111 impare
856 4025 973 4113 geudet.
1024 4039 1105 4111 Virg.
1129 4039 1199 4098 Bue.
1225 4033 1260 4109 8,
1285 4033 1334 4098 75.

723 4137 813 4202 1725.

457 4244 542 4302 Nune
566 4244 672 4302 adhibe
695 4262 770 4317 puro
827 4288 830 4292 -
1204 4290 1206 4295 .

167 4362 327 4424 Pectore
354 4345 456 4417 verba,
479 4364 562 4422 puer,
586 4366 662 4405 nuuc
685 4355 713 4407 te
736 4350 908 4407 melioribus
925 4348 1004 4407 offer.
1035 4349 1107 4408 Her.
1120 4348 1177 4424 Ep.
1196 4346 1223 4419 1,
1240 4345 1269 4420 2,
1284 4344 1335 4409 67.
