2978 5048
649 370 690 434 97

572 451 777 470 WVXIVWJW

623 562 714 627 1263.

355 669 431 728 Mihi
454 669 541 729 tarda
561 669 656 747 fluunt
678 672 853 744 ingrataque
877 677 1028 745 tempora,
1059 687 1133 745 quae
1157 686 1238 744 spem

101 773 331 848 Consiliumque
354 780 508 834 morantur
530 775 635 847 agendi
657 774 791 846 gnaviter
813 773 861 844 id,
885 775 964 847 quod

97 880 209 952 Aeque
232 879 412 952 pauperibus
435 878 572 951 prodest,
603 877 803 950 locupletibus
827 893 930 950 aeque,

97 985 211 1056 Aeque
234 984 399 1055 neglectum
421 982 523 1055 pueris
546 980 725 1054 senibusque
747 979 875 1039 nocebit.
914 979 986 1038 Hor.
1002 979 1058 1053 Ep.
1084 976 1111 1050 l,
1138 976 1164 1050 1,
1188 976 1239 1040 23.

630 1079 721 1140 1264.

354 1186 438 1245 Mille
461 1188 574 1246 animos
598 1188 701 1260 excipe
724 1187 803 1245 mille
825 1185 930 1245 modic.

96 1292 168 1350 Nec
190 1290 282 1348 tellus
306 1288 406 1349 eadem
429 1291 510 1364 parit
531 1291 642 1350 omnia:
672 1289 780 1349 vitibus
802 1289 856 1347 illa

191 1389 353 1463 Convenit,
378 1393 453 1451 heec
475 1393 565 1462 oleis;
589 1392 638 1451 bic
661 1392 736 1451 bene
758 1391 840 1451 ferra
862 1390 967 1449 virent.
1017 1383 1021 1389 ’

95 1494 282 1554 Pectoribus
305 1511 402 1554 mores
426 1500 471 1555 tot
493 1500 575 1566 sunt,
600 1501 672 1569 quot
693 1495 724 1552 in
747 1495 819 1553 orbe
842 1493 969 1566 figurae:

190 1598 251 1670 Qui
274 1600 367 1671 sapit,
391 1600 553 1659 innumeris
576 1597 707 1657 moribus
729 1602 815 1670 aptus
839 1600 906 1655 erit.
944 1595 996 1655 Ov.
1012 1596 1047 1655 A.
1062 1597 1096 1656 A.
1124 1593 1148 1667 1,
1164 1595 1237 1657 756.

40 1768 45 1777 ,
159 1679 162 1685 ’
629 1696 721 1759 1265.

29 1842 39 1863 .
85 1807 187 1867 Mille
217 1805 366 1864 hominum
390 1807 507 1880 species
530 1811 561 1864 et
580 1822 678 1863 rerum
702 1802 833 1862 discolor
855 1820 942 1862 usus:

18 1942 21 1947 ·
83 1912 184 1974 Velle
214 1925 298 1967 suum
321 1910 427 1982 cuique
445 1913 499 1977 est,
523 1923 577 1966 uec
599 1914 667 1966 voto
690 1907 800 1966 vivitur
822 1924 891 1966 une.
935 1908 1018 1966 Pers.
1043 1906 1103 1967 Sat.
1128 1900 1163 1978 δ’,
1187 1903 1238 1968 52.

292 2012 297 2026 ‘
629 2000 720 2068 1266.

10 2098 13 2129 ἱ
68 2119 184 2180 Mille
215 2114 792 2188 1111111111,111111111111111111.
837 2108 1088 2175 0111111526.

630 2210 722 2277 1267.

61 2327 184 2389 Mille
216 2321 313 2380 modis
337 2337 420 2380 amor
439 2322 621 2395 ignorandus
646 2325 706 2392 est,
738 2323 847 2394 procul
875 2320 1027 2381 abdendus
1051 2329 1113 2395 est,
1150 2323 1241 2382 absti-

1040 2426 1154 2486 nendus
1178 2434 1239 2487 est:

59 2539 166 2600 Nam
216 2529 270 2605 qui
296 2530 327 2588 in
361 2543 490 2588 amorem
520 2527 748 2600 praecipitavit,
777 2526 881 2601 periit,
917 2527 1001 2600 quasi
1036 2545 1107 2589 saxo
1140 2531 1238 2591 saliat.

838 2630 935 2688 Plaut.
958 2632 1041 2690 Triu.
1065 2628 1099 2703 2,
1126 2631 1161 2704 1,
1186 2628 1236 2693 29.

627 2728 718 2793 1268.

61 2847 180 2909 Mille
214 2838 311 2898 medis
334 2838 385 2897 leti
408 2837 535 2896 miseros
558 2854 636 2896 mers
652 2852 720 2895 una
742 2835 854 2910 fatigat.
902 2837 1090 2897 81111115.
1116 2834 1145 2914 9,
1167 2833 1239 2900 280.

628 2951 721 3015 1269.

60 3068 230 3133 Minime
256 3061 355 3135 miror,
379 3061 428 3133 qui
451 3059 583 3119 insanire
607 3061 758 3133 occipiunt
782 3076 818 3117 ex
839 3060 958 3133 injuria.
995 3060 1063 3120 Ter.
1086 3061 1141 3121 Ad.
1170 3058 1240 3122 197.

630 3172 721 3238 1270.

60 3291 267 3355 Minimum
290 3283 377 3343 decet
398 3282 507 3352 libere,
536 3282 583 3340 cui
605 3283 726 3341 multum
749 3284 831 3344 licet.
876 3283 944 3344 Seu.
969 3285 1077 3345 Troad.
1102 3282 1174 3346 337.

625 3398 718 3464 1271.

360 3507 461 3565 Minor
484 3505 641 3565 admiratio
666 3509 786 3567 summis

66 3617 242 3682 Debetur
266 3610 415 3669 monstris.
438 3638 478 3650 -
523 3609 589 3669 Juv.
614 3609 674 3668 Sat.
698 3606 734 3681 6,
758 3605 830 3670 646.

628 3725 718 3790 1272.

356 3833 531 3893 Minuentur
553 3839 636 3893 atrae

183 3937 333 3999 Carmine
355 3953 452 3998 curae.
497 3939 569 3998 Hor.
594 3938 649 3998 Od.
671 3933 708 4010 4,
735 3934 791 4011 11,
814 3932 865 3999 35.

629 4053 718 4117 1273.

356 4160 473 4220 Miuuet
494 4161 627 4220 vindicta
649 4162 789 4222 delorem.
835 4163 886 4223 Ov.
909 4163 975 4224 Am.
1003 4161 1034 4234 1,
1059 4160 1093 4235 7,
1118 4155 1168 4222 63.

625 4277 718 4344 1274.

357 4384 468 4445 Minuit
490 4388 662 4460 praesentia
683 4386 799 4448 famam.
837 4385 939 4448 Claud.
963 4388 1038 4447 Bell.
1063 4387 1140 4448 Gild.
1165 4382 1238 4447 385.

133 4482 288 4532 Frommelt,
301 4480 447 4531 Florilegium
460 4482 569 4522 Latinum.
1015 4485 1032 4544 7
