2978 5048
721 386 780 448 194

649 469 855 485 ΛΛΑ-ΛΙΧΛΛΝΧΙ

695 573 790 637 2462

183 685 214 742 si
236 699 327 755 genus
350 680 508 738 hunnorum
532 685 563 738 et
582 682 722 740 mortalia
743 681 873 740 temnitis
899 695 990 750 arma,

182 787 222 843 At
244 789 365 858 sperate
389 783 459 840 deos
482 797 626 841 memores
649 781 730 841 fandi
743 780 972 856 atquenefandi.
1008 783 1088 854 virg.
1105 784 1179 843 Aen.
1197 782 1223 856 1,
1239 779 1292 843 ola.

699 897 793 960 2463.

183 1003 333 1077 Signatum
357 1005 414 1062 hoc
437 1003 559 1062 memori
582 1011 703 1076 pectore
725 1021 833 1063 nomen
857 999 948 1063 habel
994 1003 1047 1062 Ov.
1072 1005 1143 1064 Her.
1172 1001 1218 1076 13,
1240 1001 1278 1061 66.

698 1118 792 1181 2464.

183 1225 214 1283 Si
241 1228 358 1286 incolae
387 1225 462 1285 bene
490 1231 561 1284 aunt
588 1226 713 1298 morati,
749 1226 873 1299 pulchre
902 1226 1045 1285 munitum
1077 1225 1130 1294 [sc.
1160 1224 1293 1300 oppidum]

759 1328 897 1389 arbitror.
942 1329 1038 1387 Plaut.
1062 1329 1145 1387 Pers.
1169 1324 1203 1404 4,
1226 1323 1255 1398 4,
1273 1322 1294 1384 6.

698 1441 793 1508 2465.

182 1546 214 1606 Si
236 1547 376 1606 lacrimae
395 1578 431 1588 —
444 1565 541 1623 neqne
564 1549 641 1607 enim
665 1550 788 1609 veniunt
809 1550 840 1606 in
863 1556 996 1622 tempore
1018 1565 1186 1622 semper—

267 1650 430 1722 Defioiunt‚
454 1650 513 1710 uda
535 1652 647 1710 lumina
669 1657 755 1723 tange
779 1668 875 1710 mann.
921 1650 973 1710 Ov.
997 1649 1032 1709 A.
1056 1652 1092 1710 A.
1120 1649 1155 1723 1,
1179 1645 1247 1710 661.

696 1764 791 1829 2466.

180 1870 212 1929 Si
234 1871 307 1930 mihi
330 1870 459 1932 difficilis
482 1871 605 1932 sormam
628 1878 737 1932 natura
759 1873 892 1946 negavit:

266 1974 388 2047 Ingenio
411 1973 524 2034 formae
547 1975 654 2034 damna
676 1975 808 2049 rependo
830 1989 924 2033 meae.
969 1974 1022 2033 Ov.
1046 1975 1118 2034 Her.
1145 1970 1193 2043 15,
1217 1969 1260 2033 31.

696 2088 790 2152 2467.

214 2283 216 2287 y
430 2195 547 2254 Similes
571 2196 693 2253 aliorum
716 2196 833 2268 respice
857 2211 962 2254 casus:

179 2299 283 2358 Mitius
305 2299 364 2358 ista
385 2297 472 2357 seres.
496 2327 537 2338 -
582 2297 635 2356 Ov.
658 2297 730 2356 Met.
758 2293 813 2369 15,
836 2293 908 2356 494.

700 2410 795 2475 2468.

180 2518 211 2577 Si
234 2519 335 2590 modo,
363 2518 442 2593 quod
464 2535 625 2590 memoras,
655 2518 763 2578 sactum
785 2518 904 2578 iortnna
926 2525 1083 2592 sequatur!
1129 2519 1210 2592 Virg.
1232 2517 1290 2574 Aen.

1179 2621 1214 2692 4,
1238 2613 1292 2676 lot.

694 2733 790 2797 2469.

178 2839 326 2900 Simulare
349 2849 428 2901 certe
451 2849 497 2901 est
518 2841 656 2901 hominis.
680 2869 722 2883 -
765 2843 834 2900 Ter.
857 2840 912 2900 Ad.
938 2836 1009 2900 734.

694 2956 790 3020 allo.

178 3061 210 3119 Si
234 3068 341 3121 natura
364 3071 467 3135 negat,
491 3063 563 3123 iacit
585 3064 749 3137 indignatio
773 3081 900 3132 versum,

178 3165 415 3240 Qualemonnquc
438 3172 546 3240 potest.
572 3193 610 3205 -
655 3167 723 3225 Juv.
748 3166 810 3225 Sat.
839 3163 872 3237 1,
897 3160 947 3223 79.

695 3280 789 3343 2471.

177 3385 332 3446 sincerum
354 3395 399 3448 est
420 3389 478 3447 nisi
501 3380 567 3460 vas',
592 3387 789 3462 quodcunque
812 3385 958 3458 infundis,
982 3386 1103 3445 acescit.

177 3489 290 3562 Sperne
313 3490 495 3563 voluptates:
518 3494 609 3549 nocet
631 3497 709 3549 emta
732 3489 835 3549 dolore
858 3491 1004 3562 voluptas.

177 3591 300 3664 Semper
322 3608 427 3652 avarus
451 3598 530 3666 eget:
555 3599 665 3652 certum
688 3597 756 3651 voto
779 3599 849 3666 pete
871 3591 967 3651 finem.
1002 3593 1074 3652 Hor.
1088 3592 1145 3666 Ep.
1173 3587 1199 3663 1,
1213 3587 1241 3662 2,
1255 3585 1294 3652 64.

603 3699 606 3702 ’
694 3705 788 3769 2472.

425 3813 496 3873 Sine
519 3829 619 3873 amore
638 3815 777 3890 jocisque

175 3917 226 3976 Nil
249 3922 295 3976 est
312 3916 483 3989 jucundum.
506 3947 549 3956 -
593 3919 665 3978 Hor.
688 3916 747 3992 Ep.
773 3912 808 3988 l,
833 3911 869 3986 6,
894 3912 944 3976 65.

691 4031 784 4094 2473.

176 4139 208 4197 Si
231 4100 344 4208 nescia,
368 4138 445 4196 oculi
468 4144 538 4197 sunt
560 4140 591 4197 in
614 4155 714 4199 amore
736 4139 837 4197 duces.
892 4138 981 4211 Prop.
1005 4138 1087 4210 Eleg.
1112 4133 1149 4210 2,
1176 4134 1227 4212 12,
1251 4132 1289 4193 12.

691 4253 787 4316 2474.

44 4414 51 4428 .
175 4362 300 4436 Singula
322 4361 393 4438 qnid
415 4359 562 4425 referam?
585 4362 627 4421 nil
650 4377 718 4422 non·
731 4360 879 4425 landabile
901 4361 971 4424 vidi.
1003 4361 1055 4421 Ov.
1079 4362 1144 4423 Am.
1163 4360 1190 4432 1,
1208 4357 1236 4431 6,
1249 4352 1288 4415 23.
