2978 5048
640 342 844 442 Aac„

699 529 794 596 2788.

158 635 312 703 'Verbera
334 643 443 716 gaudet
464 642 563 700 Venus
586 640 715 712 loquela
761 637 869 699 001011.
892 639 990 699 carm
1015 634 1071 707 55,
1097 632 1150 695 20.

695 735 789 799 2789.

427 847 515 905 Veris
539 845 648 904 addere
670 844 747 903 falsa

179 951 296 1010 Gaudet
318 955 349 1007 et
371 965 387 1007 0
410 949 532 1007 minima
554 964 607 1006 000
628 965 683 1020 per
704 947 861 1005 mendacia
884 948 991 1003 erescit

178 1055 281 1112 Fama.
305 1081 344 1092 -
392 1051 444 1109 Ov.
467 1050 540 1109 Met.
565 1047 601 1119 9,
629 1044 698 1108 138.

694 1146 788 1208 2790.

425 1257 511 1315 Veris
534 1271 640 1329 magna
661 1260 786 1328 paratur

177 1360 271 1419 Fama
291 1359 388 1418 benis.
413 1387 454 1397 —
497 1358 611 1417 Lucan.
635 1358 741 1416 Phars.
765 1349 801 1425 9,
826 1350 897 1412 593.

690 1454 785 1517 2791.

423 1554 543 1623 Veritas
567 1579 715 1636 nunquam
737 1561 826 1634 perit.
872 1559 940 1619 San.
964 1560 1071 1618 Tread.
1096 1554 1172 1618 615.

691 1659 784 1720 2792.
959 1653 961 1658 ’

423 1769 541 1826 Veritas
564 1767 626 1825 odit
648 1783 755 1825 meras.
802 1767 870 1824 Sen.
895 1765 967 1823 Oed.
993 1761 1064 1824 850.

690 1862 785 1926 2793.

176 1976 320 2033 Versatur
343 1974 433 2032 001001
456 1973 532 2029 Fors
555 1972 628 2029 levis
652 1971 723 2029 orba
745 1974 837 2028 retae.
883 1968 948 2027 Tib.
974 1970 1058 2041 Eleg.
1085 1966 1117 2040 1,
1143 1966 1183 2039 5,
1208 1968 1260 2028 70.

689 2082 784 2145 2794.

177 2195 313 2255 Vertitur
334 2197 364 2252 in
388 2201 521 2253 teneram
545 2193 654 2250 cariem
677 2191 819 2265 rimisque
841 2190 978 2257 dehiscit,

262 2297 294 2355 Si
318 2314 377 2371 qua
399 2297 448 2354 diu
473 2295 570 2353 salitis
594 2293 697 2367 cymba
719 2295 835 2352 vacavit
848 2293 942 2366 aquis.
974 2292 1025 2350 Ov.
1040 2294 1131 2351 Trist.
1144 2289 1177 2365 5,
1199 2290 1252 2366 12,
1268 2289 1317 2352 27.

690 2406 785 2469 2705.
891 2432 894 2439 ’

176 2519 285 2577 Verum
308 2523 355 2576 001
375 2516 502 2576 aviditas
526 2513 608 2573 dives
631 2520 661 2572 et
674 2531 789 2589 pauper
804 2513 908 2588 pudor.
941 2514 1070 2573 Phaedr.
1083 2512 1156 2572 Fab.
1170 2509 1202 2584 2,
1221 2512 1251 2585 1,
1270 2514 1316 2575 14.

692 2626 787 2692 2796.

563 2746 582 2754 ”
675 2736 791 2794 Verum

176 2843 250 2901 Este
275 2843 340 2900 aliis
364 2841 439 2900 01100
463 2838 551 2897 rebus
575 2838 741 2911 studiisque
762 2840 868 2897 teneri.
914 2840 987 2897 Her.
1011 2839 1067 2912 Ep.
1096 2837 1125 2908 1,
1155 2836 1186 2910 1,
1211 2834 1267 2900 80.

694 2951 789 3013 2797.

176 3060 287 3118 Verum
310 3059 384 3119 illud
406 3059 526 3119 verbnm
551 3066 611 3131 001,
633 3062 721 3132 vulgo
746 3061 825 3134 qued
849 3061 907 3119 dici
932 3063 1016 3130 00101,

176 3164 284 3223 Omnes
306 3163 363 3221 sibi
386 3163 474 3220 malle
496 3164 602 3220 meiius
627 3178 804 3236 essequam
829 3165 925 3222 011001.
970 3165 1037 3222 Ter.
1062 3165 1154 3223 Andr.
1181 3161 1260 3226 426.

689 3277 783 3340 2798.
869 3286 872 3293 ’
908 3278 911 3287 ’

176 3386 286 3444 Verum
308 3385 352 3443 ita
375 3390 443 3442 sunt
465 3377 515 3443 isti
537 3385 632 3442 000101
656 3385 781 3444 divites:

175 3487 206 3546 Si
231 3486 300 3558 quid
323 3485 509 3556 benefacias,
533 3487 627 3544 levior
648 3489 746 3560 pluma
767 3493 813 3546 est
834 3488 945 3560 gratia3

175 3591 205 3649 Si
229 3587 300 3662 quid
322 3595 475 3660 peractum
488 3594 543 3659 est,
565 3588 719 3661 plumbeas
729 3590 791 3647 iras
807 3597 922 3661 gerunt.
947 3591 1042 3650 Plaut.
1058 3593 1148 3650 Peen.
1168 3589 1199 3663 3,
1212 3589 1248 3664 6,
1268 3593 1316 3653 16.

688 3701 783 3766 2799.

174 3812 282 3870 Verum
306 3810 391 3882 operi
412 3812 500 3882 lenge
524 3809 568 3870 fas
590 3816 636 3869 est
658 3810 801 3883 obrepere
831 3828 973 3872 somnum.
1019 3813 1092 3871 Hor.
1117 3812 1151 3871 Α.
1177 3815 1213 3873 Ρ.
1241 3813 1316 3876 360.

691 3905 786 3972 2800.

175 4015 285 4073 Verum
308 4025 387 4088 poue
410 4031 506 4074 meras
529 4019 559 4072 et
581 4013 710 4073 studium
733 4018 809 4075 tucri

175 4119 392 4191 Nigrernmque
414 4135 542 4186 memor,
566 4116 633 4175 dnm
657 4119 743 4189 iicet,
765 4120 875 4191 ignium

259 4221 353 4279 Misce
377 4221 532 4279 stultitiam
555 4221 691 4287 consiliis
712 4221 845 4281 brevem:

329 4322 424 4386 Dulce
447 4328 492 4380 est
515 4322 652 4394 desipere
674 4323 705 4387 in
730 4326 804 4383 loco.
849 4325 921 4389 Her,
946 4324 1001 4383 001.
1026 4321 1062 4396 4,
1090 4321 1143 4396 12,
1170 4324 1224 4389 25.
