2978 5048
647 463 675 478 ν
722 376 781 440 164

718 465 851 479 «sulm

698 569 792 634 2101.

432 677 508 748 Quid
530 678 604 737 Jove
626 680 719 751 majus
742 678 888 736 habetur?
933 677 984 737 Or.
1007 677 1078 736 Met.
1102 673 1136 748 2,
1160 672 1215 736 62.

443 803 446 809 ·
695 774 790 840 2102.

183 883 260 955 Quid
277 884 362 955 juvat
385 884 441 941 hoc
463 885 581 957 templis
605 891 723 943 nostros
746 886 904 942 immittere
928 900 1024 941 mores

182 988 224 1044 Et
244 988 322 1046 bona
345 987 390 1044 dis
414 1004 449 1045 ex
468 988 525 1046 hac
547 989 693 1047 scelerata
715 988 823 1046 ducere
847 990 958 1060 pulpa?
983 988 1065 1046 Pers.
1090 988 1150 1048 Sat.
1176 984 1215 1060 2,
1239 984 1297 1050 62.

698 1083 794 1148 2103.

187 1192 263 1263 Quid
282 1196 366 1266 juvat
388 1197 559 1253 immensum
583 1200 613 1252 tc
637 1195 751 1280 ar'geuti
774 1192 888 1264 pondus
912 1200 942 1250 et
964 1197 1029 1253 auri

186 1296 301 1356 Furtim
325 1296 442 1355 defossa
464 1298 597 1356 timidum
621 1297 770 1370 deponere
792 1302 893 1354 terra?

184 1399 296 1470 Quodsi
321 1402 515 1471 comminuas,
539 1402 624 1464 vilem
649 1400 800 1471 redigatur
823 1400 860 1457 ad
883 1416 987 1457 assem.

182 1503 222 1559 At
244 1503 275 1560 ui
298 1502 329 1560 id
352 1502 399 1571 fit,
424 1505 494 1578 quid
517 1505 607 1562 habet
628 1503 746 1575 pulchri
771 1509 956 1560 constructus
980 1509 1125 1562 acervus?
1147 1506 1224 1564 Hor.
1253 1507 1316 1565 sat

1140 1605 1175 1678 l,
1203 1605 1238 1679 1,
1266 1606 1316 1670 41.

694 1702 787 1766 2104.

181 1811 258 1883 Quid
281 1813 361 1884 leges
385 1811 448 1869 sina
471 1813 601 1870 moribus

180 1916 283 1974 Vanae
306 1913 486 1987 proficiunt?
511 1945 551 1954 -
595 1915 667 1971 Hor.
692 1914 747 1971 Od.
772 1911 807 1982 3,
831 1909 888 1983 24,
913 1910 964 1975 35,

694 2029 788 2092 2105.

180 2140 258 2211 Quid
280 2143 372 2213 magis
396 2145 442 2197 est
464 2139 567 2196 durum
591 2115 682 2197 saxo?
707 2137 778 2210 quid
800 2138 914 2195 mollius
936 2137 1034 2196 unda?

265 2243 349 2302 Dura
370 2249 469 2301 tamen
492 2243 572 2299 molli
595 2259 667 2301 saxa
689 2247 830 2299 cavantur
853 2256 939 2314 aqua.
984 2242 1036 2300 Or.
1060 2242 1094 2301 A.
1118 2242 1154 2302 A.
1181 2240 1210 2314 1,
1238 2241 1312 2305 475.

696 2354 791 2419 2106.

180 2467 256 2538 Quid
276 2468 412 2527 meritum
428 2466 520 2534 dicas
537 2465 583 2522 cui
597 2481 650 2522 sua
659 2471 740 2522 terra
753 2481 857 2536 parum
873 2470 938 2522 est?
961 2465 1050 2538 Prop.
1062 2465 1145 2538 Eleg.
1160 2459 1189 2537 3,
1207 2463 1242 2539 5,
1262 2463 1311 2528 46.

693 2580 787 2643 2107.

179 2692 254 2763 Quid
277 2693 349 2751 mihi
372 2692 509 2761 divitiae,
534 2704 656 2764 quarum
679 2690 703 2746 si
728 2689 870 2769 demseris
894 2705 987 2759 usum,

264 2796 401 2867 Quamvis
424 2798 523 2866 largus
547 2809 650 2866 opum,
674 2809 791 2865 semper
812 2809 919 2865 egenus
942 2796 1014 2849 ero?
1048 2790 1135 2850 (loru.
1161 2793 1243 2855 Gall.
1268 2795 1308 2863 (l)

1061 2896 1145 2969 Elog.
1173 2894 1209 2969 1,
1238 2893 1309 2960 181.

696 2993 790 3057 2108.

178 3104 234 3176 Qui
257 3104 361 3163 metuit
383 3104 595 3173 calamitatum,
618 3119 687 3161 raro
711 3103 828 3174 accipit.
875 3104 908 3161 P.
930 3103 996 3177 Syr.

692 3217 785 3284 2109.

177 3328 232 3401 Qui
255 3335 369 3397 monet,
397 3334 430 3386 ut
452 3327 558 3400 facias,
583 3327 662 3403 quod
680 3329 742 3400 jam
765 3326 853 3385 facis:
877 3328 927 3385 ille
950 3327 1096 3386 mouendo

261 3433 379 3492 Laudat
400 3439 430 3491 et
452 3432 572 3490 hortatu
596 3430 769 3503 comprobat
792 3437 933 3490 actasuo.
962 3428 1309 3503 01.Τ1111.5,14,45.

693 3545 786 3611 2110.

177 3657 253 3729 Quid
277 3674 377 3716 moror
399 3658 429 3716 in
452 3658 574 3730 parvis?
595 3655 718 3714 Animus
742 3656 903 3727 majoribus
924 3658 1024 3716 instet.

260 3762 371 3835 Magna
393 3779 510 3820 cauam:
534 3766 598 3818 toto
621 3766 750 3834 pectore,
767 3761 879 3832 vulgus,
905 3760 985 3818 adea.
1016 3760 1068 3819 Or.
1081 3760 1118 3818 A.
1134 3759 1170 3819 A.
1189 3754 1222 3835 2,
1240 3757 1312 3820 535.

691 3875 786 3938 2111.

176 3987 253 4058 Quid
276 4004 334 4046 nou
359 3987 488 4046 ebrietas
512 3987 666 4060 designat?
712 3984 825 4058 Operta
847 3984 983 4055 recludit,

175 4090 249 4164 Spes
268 4092 353 4164 Jubet
375 4108 439 4150 esse
463 4097 561 4162 11111,
585 4091 623 4149 ad
644 4091 761 4164 proelia
784 4088 876 4146 trudit
898 4090 1034 4160 inertem,

175 4193 317 4253 Sollicitis
340 4195 445 4253 animis
469 4210 543 4252 ouus
566 4195 684 4264 eximit,
709 4193 833 4252 addocet
856 4198 946 4250 artes.

174 4297 306 4356 Facundi
329 4301 437 4357 calices
467 4314 553 4372 quem
577 4295 756 4355 nonfacere
780 4297 932 4366 disertum,

174 4399 335 4461 Contracta
357 4418 443 4477 quem
467 4416 526 4459 nou
549 4402 579 4459 in
602 4407 778 4474 paupertate
801 4402 949 4459 solutum?
978 4399 1050 4456 Hor·
1075 4395 1134 4470 Ep·
1162 4396 1192 4470 1,
1213 4397 1310 4474 5,16.
