2978 5048
655 386 691 447 15

572 469 671 483 MN)
675 470 776 485 xsva

638 578 707 640 181.

96 687 156 744 Bis
180 691 225 742 est
246 689 369 756 gratum,
393 682 471 756 quod
494 697 568 756 opus
591 691 652 757 est,
675 687 753 745 ultro
776 689 802 744 si
826 688 940 748 offeras.
984 688 1018 747 P.
1043 687 1109 760 Syr.

636 781 705 848 182.

97 893 155 951 Bis
179 907 303 964 peccas,
327 907 391 949 cum
413 892 551 963 peccanti
574 891 747 965 obsequium
771 893 985 954 accommodas.
1029 894 1063 954 P.
1087 893 1152 966 Syr.

636 989 704 1052 183.

96 1100 155 1158 Bis
179 1098 290 1165 vincit,
315 1097 364 1171 qui
386 1113 418 1155 se
440 1097 533 1156 vincit
555 1099 585 1156 in
609 1099 744 1158 victoria.
788 1100 821 1159 P.
845 1099 911 1172 syr.

634 1193 703 1260 184.

355 1303 530 1377 Blandoque
552 1320 666 1363 veneno

98 1408 247 1468 Desidiae
269 1407 362 1466 virtus
385 1408 525 1481 paulatim
550 1409 647 1466 evicta
668 1408 804 1468 senescit.
843 1408 894 1467 Sil.
918 1408 984 1466 Ital.
1007 1409 1082 1468 Pun.
1106 1405 1135 1481 3,
1160 1405 1232 1470 580.

635 1503 705 1570 185.

351 1611 463 1670 Bonam
486 1611 649 1684 deperdere
672 1612 788 1685 famem,

98 1716 175 1775 Rem
195 1716 291 1790 petris
314 1713 455 1776 oblimare
477 1715 584 1774 malum
608 1722 654 1775 est
675 1715 854 1791 ubicunque.
870 1745 907 1756 -
932 1717 1005 1778 Hor.
1021 1718 1082 1777 Sat
1099 1714 1125 1786 1,
1138 1714 1167 1790 2,
1183 1713 1233 1779 61.

633 1812 701 1880 186.

350 1922 435 1982 Bona
455 1938 513 1982 uec
534 1939 588 1982 sua
611 1923 736 1998 quisque
757 1929 889 1983 recuset:

93 2027 178 2084 Nam
201 2005 291 2097 genu's
314 2032 343 2084 et
363 2043 492 2100 proauos
516 2031 545 2084 et
568 2042 642 2101 quae
665 2041 719 2086 nos
741 2024 864 2085 fecimus
887 2027 955 2100 ipsi,

95 2130 160 2190 Vix
182 2144 219 2188 ea
239 2135 342 2188 nostra
364 2145 448 2188 voco.
471 2158 513 2168 -
558 2129 610 2190 Ov.
633 2126 706 2188 Met.
734 2125 788 2203 13,
815 2124 884 2191 139.

633 2225 702 2292 187.
782 2260 786 2267 ·

91 2337 187 2395 Bona
208 2335 308 2409 opinio
330 2335 480 2394 hominum
502 2336 596 2395 tutior
617 2336 745 2409 pecunia
767 2341 821 2395 est.
865 2337 899 2396 P.
922 2336 988 2410 Syr.

632 2433 703 2499 188.

89 2544 193 2631 Bonis
216 2548 320 2613 nocet,
345 2542 479 2617 quisquis
502 2544 674 2616 pepercerit
691 2543 791 2601 malis.
834 2542 868 2600 P.
892 2543 958 2617 Syr.

629 2641 698 2706 189.

92 2750 246 2824 bonitatis
266 2748 357 2810 rerba
378 2749 490 2808 imitari
512 2750 626 2808 malitia
647 2752 741 2824 111111
762 2754 817 2810 est.
861 2750 893 2808 Ρ.
916 2748 981 2824 Syr.

629 2846 699 2912 196.

88 2959 182 3017 Bono
206 2957 323 3029 ingenio
346 2972 392 3015 me
415 2972 480 3016 esse
503 2962 639 3016 ornatum
663 2973 750 3032 quam
773 2972 846 3017 auro
869 2957 960 3014 multo
982 2960 1115 3017 mavolo:

89 3062 210 3120 Aurum
224 3061 255 3118 in
270 3057 388 3119 iortnna
408 3061 568 3132 invenitur,
591 3067 699 3120 nature
719 3061 867 3134 ingenium
881 3061 999 3120 bonum.
1027 3060 1123 3119 Plaut.
1136 3060 1228 3120 Pocn.

1059 3160 1093 3236 1,
1117 3160 1153 3236 2,
1177 3157 1228 3225 88.

167 3287 180 3323 1
628 3261 700 3327 191.

85 3374 200 3431 Bonus
228 3370 343 3429 animus
377 3368 408 3427 iu
436 3369 514 3426 mute
539 3385 573 3428 re
601 3368 754 3430 dimidium
786 3375 834 3428 est
860 3370 940 3429 mcii.
991 3369 1088 3431 Plaut
1118 3369 1226 3431 Pseud.
1327 3351 1328 3355 ¹

1059 3469 1091 3545 1,
1115 3470 1152 3546 5,
1176 3469 1227 3534 37.

626 3569 696 3635 192.
1047 3650 1050 3657 ⁴

83 3682 201 3741 Bonus
223 3678 338 3769 animus
367 3695 517 3753 nunquam
540 3679 652 3737 erranti
672 3679 848 3754 obsequium
871 3680 1081 3740 accommodat.
1113 3680 1146 3740 P.
1162 3681 1227 3755 Syr.

629 3777 698 3841 193.

345 3883 441 3943 Breve
461 3886 511 3956 sit,
534 3885 615 3960 qued
635 3887 764 3960 turpiter
785 3887 887 3947 eudes.
924 3887 990 3946 Juv.
1013 3887 1075 3949 Set.
1099 3881 1129 3965 8,
1156 3881 1226 3947 165.

625 3984 695 4051 194.

80 4097 208 4156 Brutus
231 4096 294 4150 eret
317 4092 401 4150 stutti
423 4090 542 4165 sepiens
565 4093 712 4168 imitator,
734 4100 768 4152 ut
790 4102 869 4154 esset
995 4118 998 4122 ⁴

182 4196 274 4256 Tutus
296 4195 334 4255 ab
356 4195 489 4266 insidiis,
512 4195 577 4255 dire
600 4194 752 4270 Superbe,
774 4201 845 4259 tuis.
890 4198 944 4258 01.
967 4199 1051 4261 Post.
1071 4196 1107 4270 7,
1131 4192 1202 4258 717.
