2978 5048
631 519 705 586 290.

100 625 248 701 Corpora
268 629 317 687 rix
338 629 420 692 terro
442 629 585 703 quaedam
607 634 751 688 sanantur
772 635 873 688 acuto:

196 731 346 792 Auxilium
369 733 467 792 multis
489 750 595 792 succus
617 740 647 793 et
669 734 762 793 herbe
782 734 847 792 fuit.
892 734 944 794 Ov.
968 735 1051 795 Rem.
1075 730 1147 795 527.

634 847 706 911 291.

104 953 246 1028 Corpore
270 956 323 1015 sed
344 973 427 1016 5555
449 962 495 1016 est
517 972 605 1029 aegro
627 957 720 1029 magis
743 972 833 1030 aegre
853 957 983 1032 malique

193 1058 228 1116 In
251 1059 467 1134 circumspectu
490 1066 550 1120 stet
571 1061 636 1118 sine
656 1059 714 1118 fine
736 1061 791 1118 sui.
838 1060 890 1119 Ov.
914 1060 1003 1120 Trist.
1027 1056 1063 1131 4,
1087 1056 1122 1134 6,
1146 1057 1196 1121 43.

634 1171 706 1241 292.

100 1281 251 1357 Corporis
272 1281 372 1355 exigui
394 1283 472 1342 vires
495 1288 684 1343 contemnere
706 1284 783 1342 noli:

103 1385 242 1445 Consilio
265 1386 373 1460 pollet,
397 1387 444 1445 cui
466 1386 523 1446 vim
546 1392 655 1446 natura
675 1386 801 1460 negavit.
847 1385 911 1447 Cet.
932 1386 1009 1446 Dist.
1032 1382 1069 1457 2,
1093 1385 1121 1446 9.

630 1501 702 1565 293.

109 1608 265 1681 05515555
289 1613 319 1667 at
342 1625 389 1667 res
413 1614 460 1667 est
481 1615 565 1668 tantu
587 1609 679 1683 magis
702 1609 804 1680 ardue,
828 1615 938 1685 quanto

190 1711 318 1786 Magnus
341 1711 518 1772 Aristarcho
540 1713 635 1785 major
646 1713 793 1772 Homerus
807 1718 881 1774 eret.
915 1713 969 1774 05.
987 1714 1075 1775 Pont.
1090 1711 1120 1786 3,
1138 1711 1167 1786 9,
1182 1711 1233 1776 23.

630 1826 701 1893 294.

94 1932 274 1993 Credebant
294 1933 352 1994 hoc
374 1933 485 2007 grande
507 1931 589 1992 nefas
612 1940 643 1992 et
663 1940 758 1993 morte
779 1934 930 2008 piandum,

93 2039 129 2098 Si
152 2036 273 2110 juvenis
297 2039 395 2096 vetulo
418 2053 478 2097 nou
501 2043 713 2096 assurrexerat.
739 2064 779 2076 -
823 2039 889 2100 Juv.
914 2039 974 2100 Sat.
1001 2035 1049 2112 13,
1074 2035 1124 2100 54.

630 2151 703 2217 295.

93 2260 201 2320 Crede
223 2259 310 2330 mihi,
333 2258 409 2317 bene
431 2260 482 2334 qui
504 2261 599 2330 latuit,
622 2259 697 2318 bene
720 2261 807 2319 vixit:
832 2265 862 2320 et
883 2263 963 2321 intra

192 2361 355 2423 Fortunam
378 2360 466 2422 debet
487 2362 612 2437 quisque
633 2378 868 2423 5555555555.
902 2365 954 2424 05.
977 2366 1068 2426 Trist.
1091 2362 1120 2435 3,
1138 2362 1167 2438 4,
1181 2362 1230 2426 25.

625 2477 699 2540 296.

97 2586 206 2646 Crede
228 2585 310 2655 mihi,
333 2585 448 2642 miseris
471 2584 613 2643 coelestia
635 2585 755 2643 numina
776 2592 918 2658 parcunt:

191 2689 256 2747 Nec
277 2704 394 2761 semper
416 2688 513 2745 laesos
537 2692 568 2746 ct
590 2688 654 2746 sine
676 2687 734 2746 fine
749 2695 897 2762 premunt.
926 2690 978 2751 05.
992 2692 1076 2749 Pout.
1092 2687 1120 2762 3,
1135 2687 1165 2763 6,
1178 2687 1229 2752 21.

625 2786 699 2846 297.

92 2892 201 2953 Crede
222 2893 310 2962 mihi,
332 2892 458 2952 miseros
480 2893 641 2966 prudentia
661 2895 759 2967 prima
780 2895 931 2969 relinquit,

188 2996 231 3054 Et
253 3012 355 3055 seusus
379 3014 442 3055 cum
465 3014 498 3055 re
521 2998 735 3072 consiliumque
757 2997 840 3071 fugit.
876 2999 928 3058 Ov.
952 3000 1037 3058 Pont.
1061 2996 1090 3071 4,
1117 2996 1164 3071 12,
1178 2997 1227 3060 47.

625 3095 697 3157 298.

86 3202 286 3263 Credidimus
308 3203 433 3273 blandis,
459 3219 582 3278 quorum
605 3202 658 3261 tibi
682 3205 778 3276 copia,
798 3203 905 3264 verbis,
951 3206 1003 3267 05.
1027 3207 1098 3268 Her.
1122 3202 1151 3279 2,
1175 3204 1226 3269 49.

625 3301 698 3364 299.

87 3407 221 3468 Credite
244 3424 290 3467 me
312 3409 395 3468 vobis
418 3409 519 3468 folium
542 3411 670 3468 recitare
693 3408 832 3484 Sibyllae.
875 3411 942 3470 Juv.
967 3412 1028 3473 Set.
1052 3407 1086 3485 8,
1113 3408 1183 3474 126.

626 3507 698 3571 300.

345 3613 481 3686 Credite,
504 3615 632 3688 posteri!
676 3615 749 3675 Hor.
774 3616 829 3675 0d.
852 3611 886 3687 2,
914 3611 968 3688 19,
991 3612 1021 3677 2.

622 3713 695 3778 301.

344 3818 472 3880 Credula
493 3827 539 3880 est
561 3838 629 3896 spes
651 3821 797 3894 improbe.
842 3823 911 3882 Seu.
934 3823 1056 3896 Thyest.
1081 3819 1152 3884 295.

622 3920 693 3982 302.

85 4024 226 4085 Credula
248 4041 295 4083 res
319 4042 401 4084 amor
423 4031 476 4085 est.
501 4055 541 4066 —
587 4028 639 4088 05.
662 4025 735 4086 Met.
760 4022 793 4095 7,
819 4019 891 4085 826.

622 4126 694 4190 303.

344 4230 473 4290 Credula
493 4233 583 4290 vitam

85 4334 171 4408 Spes
194 4331 273 4393 fovet
294 4340 324 4395 et
345 4333 408 4395 iore
431 4352 497 4395 cres
520 4352 636 4409 semper
657 4337 701 4396 eit
722 4338 838 4398 melias.
883 4338 949 4398 Tib.
971 4339 1056 4407 Eleg.
1073 4333 1102 4409 2,
1127 4334 1223 4412 6,19.
