<?xml version="1.0" encoding="UTF-8"?>
<!DOCTYPE html PUBLIC "-//W3C//DTD XHTML 1.0 Transitional//EN"
    "http://www.w3.org/TR/xhtml1/DTD/xhtml1-transitional.dtd">
<html xmlns="http://www.w3.org/1999/xhtml" xml:lang="en" lang="en">
 <head>
  <title>
</title>
<meta http-equiv="Content-Type" content="text/html;charset=utf-8" />
  <meta name='ocr-system' content='tesseract 3.04.00' />
  <meta name='ocr-capabilities' content='ocr_page ocr_carea ocr_par ocr_line ocrx_word'/>
</head>
<body>
  <div class='ocr_page' id='page_1' title='image "./florilegiumlati00fromgoog_0170.png"; bbox 0 0 2978 5048; ppageno 0'>
   <div class='ocr_carea' id='block_1_1' title="bbox 675 372 880 474">
    <p class='ocr_par' dir='ltr' id='par_1_1' title="bbox 675 372 880 474">
     <span class='ocr_line' id='line_1_1' title="bbox 675 372 880 474; baseline 0.02 -4"><span class='ocrx_word' id='word_1_1' title='bbox 675 372 880 474; x_wconf 42' lang='lat' dir='ltr'>..leem</span> 
     </span>
    </p>
   </div>
   <div class='ocr_carea' id='block_1_2' title="bbox 733 565 824 628">
    <p class='ocr_par' dir='ltr' id='par_1_2' title="bbox 733 565 824 628">
     <span class='ocr_line' id='line_1_2' title="bbox 733 565 824 628; baseline 0.044 -4"><span class='ocrx_word' id='word_1_2' title='bbox 733 565 824 628; x_wconf 86' lang='grc'>1915.</span> 
     </span>
    </p>
   </div>
   <div class='ocr_carea' id='block_1_3' title="bbox 203 671 1343 1248">
    <p class='ocr_par' dir='ltr' id='par_1_3' title="bbox 203 671 1343 1248">
     <span class='ocr_line' id='line_1_3' title="bbox 204 671 1036 748; baseline 0.006 -18"><span class='ocrx_word' id='word_1_3' title='bbox 204 671 316 732; x_wconf 87' lang='lat' dir='ltr'>Perfer</span> <span class='ocrx_word' id='word_1_4' title='bbox 338 679 367 732; x_wconf 92' lang='lat' dir='ltr'>et</span> <span class='ocrx_word' id='word_1_5' title='bbox 390 673 518 732; x_wconf 81' lang='lat' dir='ltr'>obdura:</span> <span class='ocrx_word' id='word_1_6' title='bbox 543 672 627 732; x_wconf 90' lang='lat' dir='ltr'>dolor</span> <span class='ocrx_word' id='word_1_7' title='bbox 652 672 702 730; x_wconf 91' lang='lat' dir='ltr'>bic</span> <span class='ocrx_word' id='word_1_8' title='bbox 724 673 777 731; x_wconf 87' lang='lat' dir='ltr'>tibi</span> <span class='ocrx_word' id='word_1_9' title='bbox 800 673 935 748; x_wconf 87' lang='lat' dir='ltr'>proderit</span> <span class='ocrx_word' id='word_1_10' title='bbox 958 676 1036 735; x_wconf 88' lang='lat' dir='ltr'>olim.</span> 
     </span>
     <span class='ocr_line' id='line_1_4' title="bbox 302 775 1343 852; baseline -0.002 -16"><span class='ocrx_word' id='word_1_11' title='bbox 302 776 399 852; x_wconf 82' lang='lat' dir='ltr'><strong>Saepe</strong></span> <span class='ocrx_word' id='word_1_12' title='bbox 422 778 489 836; x_wconf 90' lang='lat' dir='ltr'>tulit</span> <span class='ocrx_word' id='word_1_13' title='bbox 511 777 597 836; x_wconf 79' lang='lat' dir='ltr'>lassis</span> <span class='ocrx_word' id='word_1_14' title='bbox 619 793 724 835; x_wconf 90' lang='lat' dir='ltr'>succus</span> <span class='ocrx_word' id='word_1_15' title='bbox 750 793 865 836; x_wconf 85' lang='lat' dir='ltr'>emarus</span> <span class='ocrx_word' id='word_1_16' title='bbox 890 793 984 850; x_wconf 89' lang='lat' dir='ltr'>opem.</span> <span class='ocrx_word' id='word_1_17' title='bbox 1023 779 1075 838; x_wconf 88' lang='lat' dir='ltr'>Ov.</span> <span class='ocrx_word' id='word_1_18' title='bbox 1098 781 1162 837; x_wconf 85' lang='lat' dir='ltr'>Am.</span> <span class='ocrx_word' id='word_1_19' title='bbox 1187 775 1217 850; x_wconf 80' lang='lat'>3,</span> <span class='ocrx_word' id='word_1_20' title='bbox 1243 775 1291 850; x_wconf 86' lang='grc'>11,</span> <span class='ocrx_word' id='word_1_21' title='bbox 1316 777 1343 836; x_wconf 94' lang='grc'>7.</span> 
     </span>
     <span class='ocr_line' id='line_1_5' title="bbox 730 875 820 941; baseline 0.078 -7"><span class='ocrx_word' id='word_1_22' title='bbox 730 875 820 941; x_wconf 88' lang='grc'>1916.</span> 
     </span>
     <span class='ocr_line' id='line_1_6' title="bbox 203 983 1342 1060; baseline 0.005 -18"><span class='ocrx_word' id='word_1_23' title='bbox 203 985 306 1058; x_wconf 81' lang='lat' dir='ltr'>Perge</span> <span class='ocrx_word' id='word_1_24' title='bbox 330 983 417 1042; x_wconf 91' lang='lat' dir='ltr'>modo</span> <span class='ocrx_word' id='word_1_25' title='bbox 445 988 484 1054; x_wconf 87' lang='lat' dir='ltr'>et,</span> <span class='ocrx_word' id='word_1_26' title='bbox 516 999 574 1056; x_wconf 84' lang='lat' dir='ltr'>que</span> <span class='ocrx_word' id='word_1_27' title='bbox 604 987 633 1042; x_wconf 92' lang='lat' dir='ltr'>te</span> <span class='ocrx_word' id='word_1_28' title='bbox 663 983 744 1043; x_wconf 87' lang='lat' dir='ltr'>ducit</span> <span class='ocrx_word' id='word_1_29' title='bbox 770 984 833 1055; x_wconf 83' lang='lat' dir='ltr'>uie,</span> <span class='ocrx_word' id='word_1_30' title='bbox 861 984 955 1059; x_wconf 79' lang='lat' dir='ltr'>dirige</span> <span class='ocrx_word' id='word_1_31' title='bbox 982 1004 1121 1060; x_wconf 83' lang='lat' dir='ltr'>gressum.</span> <span class='ocrx_word' id='word_1_32' title='bbox 1166 989 1246 1060; x_wconf 87' lang='lat' dir='ltr'>Virg.</span> <span class='ocrx_word' id='word_1_33' title='bbox 1269 989 1342 1048; x_wconf 87' lang='lat' dir='ltr'>Aen.</span> 
     </span>
     <span class='ocr_line' id='line_1_7' title="bbox 1214 1085 1342 1166; baseline 0.023 -20"><span class='ocrx_word' id='word_1_34' title='bbox 1214 1088 1245 1166; x_wconf 90' lang='lat'>1,</span> <span class='ocrx_word' id='word_1_35' title='bbox 1269 1085 1342 1149; x_wconf 85' lang='grc'>491.</span> 
     </span>
     <span class='ocr_line' id='line_1_8' title="bbox 731 1184 821 1248; baseline 0.033 -4"><span class='ocrx_word' id='word_1_36' title='bbox 731 1184 821 1248; x_wconf 90' lang='grc'>1917.</span> 
     </span>
    </p>
   </div>
   <div class='ocr_carea' id='block_1_4' title="bbox 198 1292 1166 1455">
    <p class='ocr_par' dir='ltr' id='par_1_4' title="bbox 198 1292 1166 1455">
     <span class='ocr_line' id='line_1_9' title="bbox 198 1292 1166 1370; baseline 0.004 -18"><span class='ocrx_word' id='word_1_37' title='bbox 198 1294 331 1352; x_wconf 80' lang='lat' dir='ltr'>Pericle</span> <span class='ocrx_word' id='word_1_38' title='bbox 354 1293 474 1352; x_wconf 90' lang='lat' dir='ltr'>timidus</span> <span class='ocrx_word' id='word_1_39' title='bbox 498 1292 600 1363; x_wconf 85' lang='lat' dir='ltr'>etiam,</span> <span class='ocrx_word' id='word_1_40' title='bbox 625 1309 699 1366; x_wconf 85' lang='lat' dir='ltr'>quae</span> <span class='ocrx_word' id='word_1_41' title='bbox 723 1310 782 1352; x_wconf 89' lang='lat' dir='ltr'>uon</span> <span class='ocrx_word' id='word_1_42' title='bbox 805 1300 888 1366; x_wconf 90' lang='lat' dir='ltr'>sunt,</span> <span class='ocrx_word' id='word_1_43' title='bbox 911 1296 998 1355; x_wconf 89' lang='lat' dir='ltr'>videt.</span> <span class='ocrx_word' id='word_1_44' title='bbox 1043 1298 1075 1356; x_wconf 94' lang='lat' dir='ltr'>P.</span> <span class='ocrx_word' id='word_1_45' title='bbox 1101 1297 1166 1370; x_wconf 86' lang='lat' dir='ltr'>Syr.</span> 
     </span>
     <span class='ocr_line' id='line_1_10' title="bbox 733 1391 823 1455; baseline 0.056 -4"><span class='ocrx_word' id='word_1_46' title='bbox 733 1391 823 1455; x_wconf 90' lang='grc'>1918.</span> 
     </span>
    </p>
   </div>
   <div class='ocr_carea' id='block_1_5' title="bbox 154 1480 1340 1886">
    <p class='ocr_par' dir='ltr' id='par_1_5' title="bbox 154 1480 1340 1886">
     <span class='ocr_line' id='line_1_11' title="bbox 154 1480 1340 1574; baseline 0 -13"><span class='ocrx_word' id='word_1_47' title='bbox 154 1480 156 1497; x_wconf 59' lang='lat'><strong>¹</strong></span> <span class='ocrx_word' id='word_1_48' title='bbox 196 1500 417 1561; x_wconf 87' lang='lat' dir='ltr'>Periculosum</span> <span class='ocrx_word' id='word_1_49' title='bbox 440 1503 486 1558; x_wconf 91' lang='lat' dir='ltr'>est</span> <span class='ocrx_word' id='word_1_50' title='bbox 508 1499 629 1558; x_wconf 89' lang='lat' dir='ltr'>eredere</span> <span class='ocrx_word' id='word_1_51' title='bbox 654 1507 684 1558; x_wconf 89' lang='lat' dir='ltr'>et</span> <span class='ocrx_word' id='word_1_52' title='bbox 705 1517 765 1558; x_wconf 92' lang='lat' dir='ltr'>non</span> <span class='ocrx_word' id='word_1_53' title='bbox 788 1500 920 1560; x_wconf 90' lang='lat' dir='ltr'>credere.</span> <span class='ocrx_word' id='word_1_54' title='bbox 965 1502 1092 1562; x_wconf 83' lang='lat' dir='ltr'>Phaedr.</span> <span class='ocrx_word' id='word_1_55' title='bbox 1116 1497 1231 1573; x_wconf 71' lang='grc'>11113,</span> <span class='ocrx_word' id='word_1_56' title='bbox 1251 1498 1340 1574; x_wconf 78' lang='grc'>101.</span> 
     </span>
     <span class='ocr_line' id='line_1_12' title="bbox 730 1598 820 1660; baseline 0.011 -3"><span class='ocrx_word' id='word_1_57' title='bbox 730 1598 820 1660; x_wconf 93' lang='grc'>1919.</span> 
     </span>
     <span class='ocr_line' id='line_1_13' title="bbox 154 1706 910 1781; baseline 0.004 -18"><span class='ocrx_word' id='word_1_58' title='bbox 154 1730 157 1763; x_wconf 82' lang='grc'>1</span> <span class='ocrx_word' id='word_1_59' title='bbox 191 1708 334 1769; x_wconf 84' lang='lat' dir='ltr'>Periere</span> <span class='ocrx_word' id='word_1_60' title='bbox 357 1723 469 1775; x_wconf 87' lang='lat' dir='ltr'>mores,</span> <span class='ocrx_word' id='word_1_61' title='bbox 490 1707 552 1781; x_wconf 77' lang='lat' dir='ltr'>jm,</span> <span class='ocrx_word' id='word_1_62' title='bbox 575 1706 678 1774; x_wconf 76' lang='lat' dir='ltr'>decus,</span> <span class='ocrx_word' id='word_1_63' title='bbox 702 1707 814 1781; x_wconf 80' lang='lat' dir='ltr'>pietus,</span> <span class='ocrx_word' id='word_1_64' title='bbox 837 1707 910 1766; x_wconf 85' lang='lat' dir='ltr'>fides</span> 
     </span>
     <span class='ocr_line' id='line_1_14' title="bbox 181 1806 1251 1886; baseline -0.003 -13"><span class='ocrx_word' id='word_1_65' title='bbox 181 1812 232 1875; x_wconf 73' lang='lat' dir='ltr'>ut</span> <span class='ocrx_word' id='word_1_66' title='bbox 262 1812 324 1886; x_wconf 90' lang='lat' dir='ltr'>qui</span> <span class='ocrx_word' id='word_1_67' title='bbox 349 1809 464 1880; x_wconf 91' lang='lat' dir='ltr'>redire,</span> <span class='ocrx_word' id='word_1_68' title='bbox 488 1826 553 1867; x_wconf 89' lang='lat' dir='ltr'>eum</span> <span class='ocrx_word' id='word_1_69' title='bbox 576 1810 668 1883; x_wconf 89' lang='lat' dir='ltr'>perit,</span> <span class='ocrx_word' id='word_1_70' title='bbox 692 1811 789 1869; x_wconf 91' lang='lat' dir='ltr'>nescit</span> <span class='ocrx_word' id='word_1_71' title='bbox 811 1811 916 1884; x_wconf 86' lang='lat' dir='ltr'>pudor.</span> <span class='ocrx_word' id='word_1_72' title='bbox 962 1812 1029 1871; x_wconf 89' lang='lat' dir='ltr'>Sen.</span> <span class='ocrx_word' id='word_1_73' title='bbox 1053 1810 1155 1885; x_wconf 81' lang='lat' dir='ltr'>Agam.</span> <span class='ocrx_word' id='word_1_74' title='bbox 1183 1806 1251 1870; x_wconf 95' lang='grc'>112.</span> 
     </span>
    </p>
   </div>
   <div class='ocr_carea' id='block_1_6' title="bbox 167 1925 1219 2416">
    <p class='ocr_par' dir='ltr' id='par_1_6' title="bbox 167 1925 1219 2416">
     <span class='ocr_line' id='line_1_15' title="bbox 727 1925 818 1991; baseline 0.066 -6"><span class='ocrx_word' id='word_1_75' title='bbox 727 1925 818 1991; x_wconf 85' lang='grc'>1920.</span> 
     </span>
     <span class='ocr_line' id='line_1_16' title="bbox 172 2030 1026 2108; baseline -0.008 -10"><span class='ocrx_word' id='word_1_76' title='bbox 172 2035 373 2098; x_wconf 81' lang='lat' dir='ltr'>Permittes</span> <span class='ocrx_word' id='word_1_77' title='bbox 396 2033 470 2108; x_wconf 87' lang='lat' dir='ltr'>ipsis</span> <span class='ocrx_word' id='word_1_78' title='bbox 492 2033 659 2107; x_wconf 85' lang='lat' dir='ltr'>expendere</span> <span class='ocrx_word' id='word_1_79' title='bbox 682 2033 865 2104; x_wconf 83' lang='lat' dir='ltr'>numinibus,</span> <span class='ocrx_word' id='word_1_80' title='bbox 890 2033 961 2108; x_wconf 93' lang='lat' dir='ltr'>quid</span> <span class='ocrx_word' id='word_1_81' title='bbox 1018 2030 1026 2037; x_wconf 83' lang='grc'>”</span> 
     </span>
     <span class='ocr_line' id='line_1_17' title="bbox 174 2136 959 2209; baseline -0.006 -7"><span class='ocrx_word' id='word_1_82' title='bbox 174 2138 382 2202; x_wconf 80' lang='lat' dir='ltr'>Conveniet</span> <span class='ocrx_word' id='word_1_83' title='bbox 404 2136 488 2195; x_wconf 87' lang='lat' dir='ltr'>nobis</span> <span class='ocrx_word' id='word_1_84' title='bbox 510 2137 657 2209; x_wconf 86' lang='lat' dir='ltr'>rebusque</span> <span class='ocrx_word' id='word_1_85' title='bbox 681 2136 720 2194; x_wconf 86' lang='lat' dir='ltr'>sit</span> <span class='ocrx_word' id='word_1_86' title='bbox 742 2137 815 2196; x_wconf 91' lang='lat' dir='ltr'>utile</span> <span class='ocrx_word' id='word_1_87' title='bbox 840 2139 959 2197; x_wconf 88' lang='lat' dir='ltr'>nostris.</span> 
     </span>
     <span class='ocr_line' id='line_1_18' title="bbox 169 2240 1071 2316; baseline -0.002 -15"><span class='ocrx_word' id='word_1_88' title='bbox 169 2247 275 2306; x_wconf 80' lang='lat' dir='ltr'>Nam</span> <span class='ocrx_word' id='word_1_89' title='bbox 302 2257 367 2316; x_wconf 91' lang='lat' dir='ltr'>pro</span> <span class='ocrx_word' id='word_1_90' title='bbox 387 2240 526 2314; x_wconf 87' lang='lat' dir='ltr'>jucundis</span> <span class='ocrx_word' id='word_1_91' title='bbox 550 2241 704 2313; x_wconf 83' lang='lat' dir='ltr'>aptissima</span> <span class='ocrx_word' id='word_1_92' title='bbox 726 2257 860 2314; x_wconf 81' lang='lat' dir='ltr'>quaeque</span> <span class='ocrx_word' id='word_1_93' title='bbox 884 2240 995 2300; x_wconf 84' lang='lat' dir='ltr'>debunt</span> <span class='ocrx_word' id='word_1_94' title='bbox 1018 2241 1071 2301; x_wconf 89' lang='lat' dir='ltr'>di:-</span> 
     </span>
     <span class='ocr_line' id='line_1_19' title="bbox 167 2340 1219 2416; baseline -0.001 -9"><span class='ocrx_word' id='word_1_95' title='bbox 167 2346 313 2410; x_wconf 74' lang='lat' dir='ltr'>Carior</span> <span class='ocrx_word' id='word_1_96' title='bbox 340 2349 388 2402; x_wconf 91' lang='lat' dir='ltr'>est</span> <span class='ocrx_word' id='word_1_97' title='bbox 408 2344 468 2401; x_wconf 89' lang='lat' dir='ltr'>illis</span> <span class='ocrx_word' id='word_1_98' title='bbox 491 2343 579 2401; x_wconf 89' lang='lat' dir='ltr'>homo</span> <span class='ocrx_word' id='word_1_99' title='bbox 603 2360 688 2416; x_wconf 85' lang='lat' dir='ltr'>quem</span> <span class='ocrx_word' id='word_1_100' title='bbox 712 2343 779 2402; x_wconf 90' lang='lat' dir='ltr'>sibi.</span> <span class='ocrx_word' id='word_1_101' title='bbox 805 2371 842 2382; x_wconf 95' lang='lat'>-</span> <span class='ocrx_word' id='word_1_102' title='bbox 889 2344 956 2403; x_wconf 85' lang='lat' dir='ltr'>Juv.</span> <span class='ocrx_word' id='word_1_103' title='bbox 982 2345 1043 2404; x_wconf 83' lang='lat' dir='ltr'>Set.</span> <span class='ocrx_word' id='word_1_104' title='bbox 1070 2340 1123 2415; x_wconf 82' lang='grc'>111,</span> <span class='ocrx_word' id='word_1_105' title='bbox 1148 2340 1219 2406; x_wconf 83' lang='grc'>347.</span> 
     </span>
    </p>
   </div>
   <div class='ocr_carea' id='block_1_7' title="bbox 728 2457 822 2524">
    <p class='ocr_par' dir='ltr' id='par_1_7' title="bbox 728 2457 822 2524">
     <span class='ocr_line' id='line_1_20' title="bbox 728 2457 822 2524; baseline 0.053 -6"><span class='ocrx_word' id='word_1_106' title='bbox 728 2457 822 2524; x_wconf 88' lang='grc'>1921.</span> 
     </span>
    </p>
   </div>
   <div class='ocr_carea' id='block_1_8' title="bbox 162 2534 1334 2743">
    <p class='ocr_par' dir='ltr' id='par_1_8' title="bbox 162 2534 1334 2743">
     <span class='ocr_line' id='line_1_21' title="bbox 458 2534 1098 2638; baseline 0.005 -14"><span class='ocrx_word' id='word_1_107' title='bbox 458 2565 623 2638; x_wconf 84' lang='lat' dir='ltr'>Perpetuus</span> <span class='ocrx_word' id='word_1_108' title='bbox 646 2567 719 2625; x_wconf 92' lang='lat' dir='ltr'>nulli</span> <span class='ocrx_word' id='word_1_109' title='bbox 743 2565 937 2637; x_wconf 76' lang='lat' dir='ltr'>daturums,</span> <span class='ocrx_word' id='word_1_110' title='bbox 961 2534 1098 2627; x_wconf 81' lang='lat' dir='ltr'>etheree</span> 
     </span>
     <span class='ocr_line' id='line_1_22' title="bbox 162 2663 1334 2743; baseline -0.008 -8"><span class='ocrx_word' id='word_1_111' title='bbox 162 2670 355 2734; x_wconf 81' lang='lat' dir='ltr'>Heredem</span> <span class='ocrx_word' id='word_1_112' title='bbox 369 2671 490 2729; x_wconf 86' lang='lat' dir='ltr'>alterius</span> <span class='ocrx_word' id='word_1_113' title='bbox 505 2670 595 2729; x_wconf 88' lang='lat' dir='ltr'>veluti</span> <span class='ocrx_word' id='word_1_114' title='bbox 607 2670 686 2728; x_wconf 86' lang='lat' dir='ltr'>unda</span> <span class='ocrx_word' id='word_1_115' title='bbox 700 2670 872 2743; x_wconf 89' lang='lat' dir='ltr'>supervenit</span> <span class='ocrx_word' id='word_1_116' title='bbox 884 2671 1000 2729; x_wconf 85' lang='lat' dir='ltr'>undem.</span> <span class='ocrx_word' id='word_1_117' title='bbox 1024 2673 1096 2730; x_wconf 91' lang='lat' dir='ltr'>Hor.</span> <span class='ocrx_word' id='word_1_118' title='bbox 1111 2671 1168 2743; x_wconf 87' lang='lat' dir='ltr'>Ep.</span> <span class='ocrx_word' id='word_1_119' title='bbox 1179 2666 1208 2742; x_wconf 90' lang='grc'>2,</span> <span class='ocrx_word' id='word_1_120' title='bbox 1222 2665 1250 2740; x_wconf 84' lang='grc'>2,</span> <span class='ocrx_word' id='word_1_121' title='bbox 1267 2663 1334 2726; x_wconf 96' lang='grc'>175.</span> 
     </span>
    </p>
   </div>
   <div class='ocr_carea' id='block_1_9' title="bbox 171 2784 1291 2970">
    <p class='ocr_par' dir='ltr' id='par_1_9' title="bbox 171 2784 1291 2970">
     <span class='ocr_line' id='line_1_23' title="bbox 726 2784 817 2849; baseline 0.033 -4"><span class='ocrx_word' id='word_1_122' title='bbox 726 2784 817 2849; x_wconf 93' lang='grc'>1922.</span> 
     </span>
     <span class='ocr_line' id='line_1_24' title="bbox 171 2887 1291 2970; baseline -0.006 -11"><span class='ocrx_word' id='word_1_123' title='bbox 171 2898 327 2970; x_wconf 89' lang='lat' dir='ltr'>Perque</span> <span class='ocrx_word' id='word_1_124' title='bbox 351 2892 434 2951; x_wconf 92' lang='lat' dir='ltr'>sinus</span> <span class='ocrx_word' id='word_1_125' title='bbox 457 2887 595 2951; x_wconf 72' lang='lat' dir='ltr'>lacrimae</span> <span class='ocrx_word' id='word_1_126' title='bbox 618 2891 747 2951; x_wconf 88' lang='lat' dir='ltr'>fluminis</span> <span class='ocrx_word' id='word_1_127' title='bbox 769 2895 863 2952; x_wconf 83' lang='lat' dir='ltr'>instar</span> <span class='ocrx_word' id='word_1_128' title='bbox 886 2899 964 2952; x_wconf 91' lang='lat' dir='ltr'>eunt.</span> <span class='ocrx_word' id='word_1_129' title='bbox 1010 2893 1062 2952; x_wconf 90' lang='lat' dir='ltr'>Ov.</span> <span class='ocrx_word' id='word_1_130' title='bbox 1086 2893 1157 2951; x_wconf 91' lang='lat' dir='ltr'>Her.</span> <span class='ocrx_word' id='word_1_131' title='bbox 1182 2888 1217 2964; x_wconf 90' lang='lat'>8,</span> <span class='ocrx_word' id='word_1_132' title='bbox 1240 2887 1291 2952; x_wconf 90' lang='grc'>62.</span> 
     </span>
    </p>
   </div>
   <div class='ocr_carea' id='block_1_10' title="bbox 729 3008 821 3070">
    <p class='ocr_par' dir='ltr' id='par_1_10' title="bbox 729 3008 821 3070">
     <span class='ocr_line' id='line_1_25' title="bbox 729 3008 821 3070; baseline 0.022 -2"><span class='ocrx_word' id='word_1_133' title='bbox 729 3008 821 3070; x_wconf 89' lang='grc'>1923.</span> 
     </span>
    </p>
   </div>
   <div class='ocr_carea' id='block_1_11' title="bbox 154 3117 1169 3502">
    <p class='ocr_par' dir='ltr' id='par_1_11' title="bbox 154 3117 1120 3293">
     <span class='ocr_line' id='line_1_26' title="bbox 172 3117 1120 3194; baseline -0.009 -12"><span class='ocrx_word' id='word_1_134' title='bbox 172 3122 327 3194; x_wconf 88' lang='lat' dir='ltr'>Perque</span> <span class='ocrx_word' id='word_1_135' title='bbox 350 3121 397 3173; x_wconf 90' lang='lat' dir='ltr'>tot</span> <span class='ocrx_word' id='word_1_136' title='bbox 420 3121 532 3174; x_wconf 79' lang='lat' dir='ltr'>aetates</span> <span class='ocrx_word' id='word_1_137' title='bbox 555 3117 720 3187; x_wconf 89' lang='lat' dir='ltr'>hominum,</span> <span class='ocrx_word' id='word_1_138' title='bbox 744 3122 789 3176; x_wconf 90' lang='grc'>101</span> <span class='ocrx_word' id='word_1_139' title='bbox 811 3124 944 3188; x_wconf 87' lang='lat' dir='ltr'>tempora</span> <span class='ocrx_word' id='word_1_140' title='bbox 967 3123 996 3174; x_wconf 90' lang='lat' dir='ltr'>et</span> <span class='ocrx_word' id='word_1_141' title='bbox 1019 3132 1120 3186; x_wconf 79' lang='lat' dir='ltr'>anuos,</span> 
     </span>
     <span class='ocr_line' id='line_1_27' title="bbox 154 3220 976 3293; baseline -0.012 -7"><span class='ocrx_word' id='word_1_142' title='bbox 154 3227 249 3291; x_wconf 81' lang='lat' dir='ltr'>‚Tot</span> <span class='ocrx_word' id='word_1_143' title='bbox 274 3220 370 3279; x_wconf 84' lang='lat' dir='ltr'>bella</span> <span class='ocrx_word' id='word_1_144' title='bbox 392 3224 421 3276; x_wconf 91' lang='lat' dir='ltr'>et</span> <span class='ocrx_word' id='word_1_145' title='bbox 443 3220 540 3278; x_wconf 85' lang='lat' dir='ltr'>varios</span> <span class='ocrx_word' id='word_1_146' title='bbox 564 3221 651 3278; x_wconf 86' lang='lat' dir='ltr'>etiam</span> <span class='ocrx_word' id='word_1_147' title='bbox 675 3221 729 3279; x_wconf 90' lang='lat' dir='ltr'>sub</span> <span class='ocrx_word' id='word_1_148' title='bbox 752 3236 826 3293; x_wconf 83' lang='lat' dir='ltr'>pace</span> <span class='ocrx_word' id='word_1_149' title='bbox 849 3221 976 3288; x_wconf 84' lang='lat' dir='ltr'>labores,</span> 
     </span>
    </p>

    <p class='ocr_par' dir='ltr' id='par_1_12' title="bbox 154 3300 1058 3417">
     <span class='ocr_line' id='line_1_28' title="bbox 154 3300 1058 3417; baseline -0.007 -29"><span class='ocrx_word' id='word_1_150' title='bbox 154 3300 265 3417; x_wconf 61' lang='grc'>1011111</span> <span class='ocrx_word' id='word_1_151' title='bbox 293 3322 421 3381; x_wconf 83' lang='lat' dir='ltr'>fortuna</span> <span class='ocrx_word' id='word_1_152' title='bbox 442 3321 528 3396; x_wconf 90' lang='lat' dir='ltr'>fidem</span> <span class='ocrx_word' id='word_1_153' title='bbox 553 3330 690 3396; x_wconf 80' lang='lat' dir='ltr'>quaerat,</span> <span class='ocrx_word' id='word_1_154' title='bbox 724 3323 771 3380; x_wconf 88' lang='lat' dir='ltr'>vix</span> <span class='ocrx_word' id='word_1_155' title='bbox 793 3319 906 3381; x_wconf 88' lang='lat' dir='ltr'>invenit</span> <span class='ocrx_word' id='word_1_156' title='bbox 928 3340 1058 3395; x_wconf 88' lang='lat' dir='ltr'>usquam.</span> 
     </span>
    </p>

    <p class='ocr_par' dir='ltr' id='par_1_13' title="bbox 154 3420 1169 3502">
     <span class='ocr_line' id='line_1_29' title="bbox 154 3420 1169 3502; baseline -0.002 -18"><span class='ocrx_word' id='word_1_157' title='bbox 154 3420 226 3491; x_wconf 72' lang='lat' dir='ltr'>³At</span> <span class='ocrx_word' id='word_1_158' title='bbox 254 3430 384 3502; x_wconf 79' lang='lat' dir='ltr'>quanta</span> <span class='ocrx_word' id='word_1_159' title='bbox 406 3432 452 3481; x_wconf 88' lang='lat' dir='ltr'>est</span> <span class='ocrx_word' id='word_1_160' title='bbox 473 3426 615 3482; x_wconf 89' lang='lat' dir='ltr'>scelerum</span> <span class='ocrx_word' id='word_1_161' title='bbox 638 3427 728 3484; x_wconf 89' lang='lat' dir='ltr'>moles</span> <span class='ocrx_word' id='word_1_162' title='bbox 750 3443 805 3498; x_wconf 90' lang='lat' dir='ltr'>per</span> <span class='ocrx_word' id='word_1_163' title='bbox 827 3427 946 3485; x_wconf 79' lang='lat' dir='ltr'>saecule</span> <span class='ocrx_word' id='word_1_164' title='bbox 968 3431 1075 3483; x_wconf 83' lang='lat' dir='ltr'>ennete</span> <span class='ocrx_word' id='word_1_165' title='bbox 1167 3431 1169 3434; x_wconf 84' lang='grc'><strong>’</strong></span> 
     </span>
    </p>
   </div>
   <div class='ocr_carea' id='block_1_12' title="bbox 154 3523 1331 3699">
    <p class='ocr_par' dir='ltr' id='par_1_14' title="bbox 154 3523 1331 3699">
     <span class='ocr_line' id='line_1_30' title="bbox 154 3523 1331 3607; baseline -0.005 -15"><span class='ocrx_word' id='word_1_166' title='bbox 154 3530 361 3607; x_wconf 76' lang='lat' dir='ltr'>&#39;Quemque</span> <span class='ocrx_word' id='word_1_167' title='bbox 386 3542 460 3585; x_wconf 88' lang='lat' dir='ltr'>onus</span> <span class='ocrx_word' id='word_1_168' title='bbox 491 3528 619 3587; x_wconf 88' lang='lat' dir='ltr'>invidiae</span> <span class='ocrx_word' id='word_1_169' title='bbox 648 3544 705 3586; x_wconf 90' lang='lat' dir='ltr'>non</span> <span class='ocrx_word' id='word_1_170' title='bbox 734 3529 900 3587; x_wconf 84' lang='lat' dir='ltr'>excusabile</span> <span class='ocrx_word' id='word_1_171' title='bbox 929 3523 1033 3588; x_wconf 88' lang='lat' dir='ltr'>terrisl</span> <span class='ocrx_word' id='word_1_172' title='bbox 1077 3527 1179 3585; x_wconf 85' lang='lat' dir='ltr'>Manil.</span> <span class='ocrx_word' id='word_1_173' title='bbox 1211 3529 1331 3586; x_wconf 78' lang='lat' dir='ltr'>Astron.</span> 
     </span>
     <span class='ocr_line' id='line_1_31' title="bbox 1198 3623 1330 3699; baseline 0.023 -15"><span class='ocrx_word' id='word_1_174' title='bbox 1198 3625 1234 3699; x_wconf 87' lang='grc'>2,</span> <span class='ocrx_word' id='word_1_175' title='bbox 1258 3623 1330 3687; x_wconf 87' lang='grc'>589.</span> 
     </span>
    </p>
   </div>
   <div class='ocr_carea' id='block_1_13' title="bbox 179 3745 1328 3926">
    <p class='ocr_par' dir='ltr' id='par_1_15' title="bbox 179 3745 1328 3926">
     <span class='ocr_line' id='line_1_32' title="bbox 723 3745 813 3808; baseline 0.011 -1"><span class='ocrx_word' id='word_1_176' title='bbox 723 3745 813 3808; x_wconf 86' lang='grc'>1924.</span> 
     </span>
     <span class='ocr_line' id='line_1_33' title="bbox 179 3846 1328 3926; baseline -0.008 -7"><span class='ocrx_word' id='word_1_177' title='bbox 179 3860 250 3919; x_wconf 90' lang='lat' dir='ltr'>Per</span> <span class='ocrx_word' id='word_1_178' title='bbox 275 3854 404 3914; x_wconf 83' lang='lat' dir='ltr'>scelere</span> <span class='ocrx_word' id='word_1_179' title='bbox 424 3871 540 3926; x_wconf 89' lang='lat' dir='ltr'>semper</span> <span class='ocrx_word' id='word_1_180' title='bbox 562 3854 724 3912; x_wconf 86' lang='lat' dir='ltr'>sceleribus</span> <span class='ocrx_word' id='word_1_181' title='bbox 748 3860 843 3913; x_wconf 86' lang='lat' dir='ltr'>tutum</span> <span class='ocrx_word' id='word_1_182' title='bbox 865 3859 910 3912; x_wconf 90' lang='lat' dir='ltr'>est</span> <span class='ocrx_word' id='word_1_183' title='bbox 931 3855 996 3913; x_wconf 87' lang='lat' dir='ltr'>iter.</span> <span class='ocrx_word' id='word_1_184' title='bbox 1041 3855 1108 3913; x_wconf 88' lang='lat' dir='ltr'>Seu.</span> <span class='ocrx_word' id='word_1_185' title='bbox 1132 3854 1233 3926; x_wconf 86' lang='lat' dir='ltr'>Agam.</span> <span class='ocrx_word' id='word_1_186' title='bbox 1260 3846 1328 3910; x_wconf 89' lang='grc'>115.</span> 
     </span>
    </p>
   </div>
   <div class='ocr_carea' id='block_1_14' title="bbox 154 3968 1264 4462">
    <p class='ocr_par' dir='ltr' id='par_1_16' title="bbox 154 3968 1264 4462">
     <span class='ocr_line' id='line_1_34' title="bbox 722 3968 812 4032; baseline 0.044 -4"><span class='ocrx_word' id='word_1_187' title='bbox 722 3968 812 4032; x_wconf 87' lang='grc'>1925.</span> 
     </span>
     <span class='ocr_line' id='line_1_35' title="bbox 456 4068 1264 4146; baseline -0.002 -13"><span class='ocrx_word' id='word_1_188' title='bbox 456 4075 566 4134; x_wconf 90' lang='lat' dir='ltr'>Perse</span> <span class='ocrx_word' id='word_1_189' title='bbox 589 4076 678 4135; x_wconf 85' lang='lat' dir='ltr'>debat</span> <span class='ocrx_word' id='word_1_190' title='bbox 701 4080 799 4135; x_wconf 82' lang='lat' dir='ltr'>omnia</span> <span class='ocrx_word' id='word_1_191' title='bbox 821 4078 917 4135; x_wconf 90' lang='lat' dir='ltr'>tellus.</span> <span class='ocrx_word' id='word_1_192' title='bbox 963 4077 1015 4136; x_wconf 91' lang='lat' dir='ltr'>Ov.</span> <span class='ocrx_word' id='word_1_193' title='bbox 1039 4076 1110 4135; x_wconf 86' lang='lat' dir='ltr'>Met</span> <span class='ocrx_word' id='word_1_194' title='bbox 1138 4072 1170 4146; x_wconf 86' lang='lat'>1,</span> <span class='ocrx_word' id='word_1_195' title='bbox 1197 4068 1264 4131; x_wconf 86' lang='lat'>102.</span> 
     </span>
     <span class='ocr_line' id='line_1_36' title="bbox 720 4175 811 4240; baseline 0.077 -7"><span class='ocrx_word' id='word_1_196' title='bbox 720 4175 811 4240; x_wconf 87' lang='grc'>1926.</span> 
     </span>
     <span class='ocr_line' id='line_1_37' title="bbox 183 4281 1031 4358; baseline -0.012 -8"><span class='ocrx_word' id='word_1_197' title='bbox 183 4289 324 4349; x_wconf 84' lang='lat' dir='ltr'>Perstat</span> <span class='ocrx_word' id='word_1_198' title='bbox 347 4281 425 4339; x_wconf 89' lang='lat' dir='ltr'>enim</span> <span class='ocrx_word' id='word_1_199' title='bbox 450 4281 585 4342; x_wconf 83' lang='lat' dir='ltr'>Fortuna</span> <span class='ocrx_word' id='word_1_200' title='bbox 607 4289 696 4341; x_wconf 79' lang='lat' dir='ltr'>tenax</span> <span class='ocrx_word' id='word_1_201' title='bbox 717 4284 854 4358; x_wconf 89' lang='lat' dir='ltr'>votisque</span> <span class='ocrx_word' id='word_1_202' title='bbox 876 4283 1031 4356; x_wconf 82' lang='lat' dir='ltr'>malignum</span> 
     </span>
     <span class='ocr_line' id='line_1_38' title="bbox 154 4378 1231 4462; baseline -0.001 -17"><span class='ocrx_word' id='word_1_203' title='bbox 154 4438 156 4445; x_wconf 93' lang='lat'>.</span> <span class='ocrx_word' id='word_1_204' title='bbox 281 4386 424 4462; x_wconf 87' lang='lat' dir='ltr'>Opponit</span> <span class='ocrx_word' id='word_1_205' title='bbox 445 4388 555 4446; x_wconf 86' lang='lat' dir='ltr'>uostris</span> <span class='ocrx_word' id='word_1_206' title='bbox 577 4386 721 4445; x_wconf 86' lang='lat' dir='ltr'>insidiosa</span> <span class='ocrx_word' id='word_1_207' title='bbox 742 4386 856 4459; x_wconf 89' lang='lat' dir='ltr'>pedem.</span> <span class='ocrx_word' id='word_1_208' title='bbox 902 4388 953 4447; x_wconf 86' lang='lat' dir='ltr'>Ov.</span> <span class='ocrx_word' id='word_1_209' title='bbox 976 4387 1062 4446; x_wconf 86' lang='lat' dir='ltr'>Pont.</span> <span class='ocrx_word' id='word_1_210' title='bbox 1086 4382 1120 4457; x_wconf 83' lang='lat'>4,</span> <span class='ocrx_word' id='word_1_211' title='bbox 1144 4378 1178 4455; x_wconf 88' lang='grc'>6,</span> <span class='ocrx_word' id='word_1_212' title='bbox 1202 4378 1231 4444; x_wconf 89' lang='grc'>7.</span> 
     </span>
    </p>
   </div>
   <div class='ocr_carea' id='block_1_15' title="bbox 0 0 1494 5048">
    <p class='ocr_par' dir='ltr' id='par_1_17' title="bbox 0 0 1494 5048">
     <span class='ocr_line' id='line_1_39' title="bbox 0 0 1494 5048; baseline 0 0"><span class='ocrx_word' id='word_1_213' title='bbox 0 0 1494 5048; x_wconf 95' lang='lat' dir='ltr'> </span> 
     </span>
    </p>
   </div>
  </div>
 </body>
</html>
