2978 5048
641 322 847 424 meu

385 515 429 562 est
454 507 537 563 2188:
556 524 681 576 magnum
698 508 825 562 solatium
843 509 886 562 est
904 505 963 560 aine
981 507 1094 562 crimine
1112 507 1236 576 culpaque
1249 509 1282 562 ni-

382 610 471 649 serum
490 593 636 647 essonae:
664 594 770 662 queruli
789 598 852 647 sunt
869 592 918 647 54:
944 592 1092 661 prudentia
1109 593 1190 661 plane
1206 595 1283 661 privari

382 680 472 735 solent
489 680 546 732 297.
574 679 656 732 1290:
676 680 759 734 rebus
777 679 904 733 secundis
923 695 978 733 non
996 677 1076 732 iacile
1095 677 1208 732 credunt
1223 677 1283 730 1915:

382 767 526 835 suspiciosi
546 771 573 819 et
590 766 738 819 irritabiles
757 765 847 819 solent
865 764 1025 819 111117931
1044 764 1132 818 timidi
1150 763 1285 818 11111219οε

381 852 519 921 praesidia
537 852 595 905 sine
615 851 723 905 delectu
743 856 877 918 occupent
901 850 984 903 1289:
1006 850 1080 918 quod
1106 850 1184 903 nimis
1206 851 1287 916 volunt,

381 939 408 993 id
427 938 506 993 facile
525 936 640 992 credunt
658 937 737 991 2222:
768 937 888 991 invidere
908 937 999 990 solent
1016 935 1082 990 546:
1109 951 1166 989 non
1184 941 1222 988 est
1237 934 1288 988 fider

382 1023 488 1077 miseris
507 1022 565 1076 255.
586 1023 653 1076 1694
671 1040 721 1077 nec
739 1023 828 1091 pudor
839 1022 922 1076 1722:
940 1022 1010 1074 mala
1027 1035 1078 1075 sua
1095 1021 1209 1074 maxima
1226 1036 1290 1087 saepe

382 1126 437 1165 non
455 1109 606 1176 respiciunt
630 1109 711 1163 1667:
741 1110 818 1164 novis
844 1122 953 1174 semper
975 1108 1053 1161 malis
1078 1107 1292 1174 incommodisque

383 1195 473 1249 affecti
492 1194 526 1248 ad
543 1195 608 1248 vitia
626 1195 759 1249 inclinent
781 1193 862 1247 1412:
886 1194 992 1247 miseris
1019 1193 1087 1248 dura
1109 1193 1193 1247 multa
1210 1209 1296 1260 propo·

383 1282 436 1336 sita
465 1286 530 1335 sunt
556 1281 637 1334 1840:
664 1281 770 1333 miseris
793 1294 876 1347 saepe
900 1279 966 1332 nihil
990 1280 1042 1333 nisi
1066 1279 1157 1333 luctus
1186 1285 1299 1347 superesi

382 1367 464 1422 2384:
483 1369 643 1422 miserorum
657 1367 712 1419 vita
730 1367 837 1433 ingrata
855 1380 887 1419 ac
905 1365 971 1418 dura
986 1370 1028 1418 est
1037 1365 1104 1419 968:
1122 1380 1196 1418 mors
1207 1365 1301 1418 miseria

384 1455 469 1509 dulcis
497 1459 553 1520 est,
579 1453 627 1506 sed
654 1452 793 1520 plerisque
825 1451 872 1504 diu
897 1458 1013 1519 negetur
1035 1448 1096 1504 419.
1132 1451 1197 1505 560.
1230 1451 1304 1504 2321:

381 1541 473 1595 multis
491 1538 578 1594 modis
597 1555 613 1591 a
635 1544 722 1593 morte
749 1538 896 1606 fatigantur
920 1537 1003 1590 1288:
1029 1538 1212 1592 calamitatem
1238 1554 1305 1592 suan

386 1627 513 1680 celeriter
531 1623 624 1677 audire
644 1625 757 1691 eupiunt
785 1623 866 1677 1287:
892 1624 1012 1677 solamen
1031 1624 1138 1677 miseris
1156 1625 1307 1678 111111111-

382 1713 475 1766 buisse
494 1711 624 1764 malorum
643 1711 696 1776 Ἡ)
714 1711 791 1764 2412.
825 1708 909 1763 2467:
928 1710 1016 1777 pietas
1034 1709 1142 1764 miseris
1160 1727 1219 1764 non
1238 1711 1309 1765 deest

382 1798 447 1852 539:
465 1797 579 1851 maxime
599 1795 678 1850 deum
700 1795 868 1850 1111111331.
906 1795 988 1848 1366:
1014 1795 1081 1849 deus
1098 1797 1209 1850 miseris
1229 1798 1311 1866 parcit

380 1885 440 1937 296.
476 1882 557 1936 1288:
584 1883 690 1936 miseris
709 1897 819 1935 somnus
836 1884 909 1936 vires
927 1882 974 1936 dat
990 1882 1070 1936 1880:
1095 1883 1191 1936 vinum
1209 1885 1312 1938 miseris

381 1971 499 2038 quietem
518 1968 599 2022 affert
616 1969 681 2021 156:
710 1969 805 2022 labore
824 1975 852 2023 et
870 1969 1022 2023 calamitate
1040 1969 1177 2037 ingeniosi
1196 1970 1314 2024 evadunt

381 2056 438 2109 570.
477 2054 542 2108 tie:
566 2070 601 2108 ne
626 2055 732 2108 miseris
752 2056 860 2123 quidem
878 2055 977 2124 gaudia
994 2055 1075 2123 plane
1102 2054 1206 2108 desunt
1233 2055 1316 2110 1525:

380 2141 487 2194 miseris
505 2140 659 2208 pariterue
677 2141 765 2195 beatis
785 2141 990 2209 obtemperatur
1014 2141 1079 2194 851:
1104 2142 1239 2195 miserum
1261 2155 1314 2194 me-

381 2233 471 2280 mento
491 2227 626 2281 hominem
646 2242 707 2281 esse
726 2227 808 2281 2057:
835 2228 941 2282 miseris
966 2241 1128 2281 succurrere
1146 2226 1256 2294 regium
1274 2231 1315 2281 est

380 2314 461 2367 2272:
481 2315 586 2367 miseris
605 2315 746 2382 succurrit,
766 2315 811 2382 qni
830 2314 960 2368 malorum
979 2314 1038 2382 ipse
1058 2312 1133 2366 haud
1146 2314 1255 2367 inscius
1273 2318 1315 2367 est

381 2400 463 2452 1625:
489 2400 596 2453 dubiam
623 2401 737 2453 salutem
765 2401 871 2455 miseris
896 2401 960 2454 dare
979 2405 1023 2454 est
1039 2399 1141 2453 nullam
1161 2398 1232 2453 dare
1250 2398 1315 2452 471:

383 2487 428 2554 qui
447 2487 553 2540 miseris
572 2502 651 2553 opem
670 2487 792 2554 negavit,
819 2501 901 2553 saepe
926 2487 985 2553 ipse
1003 2487 1085 2540 miser
1101 2485 1135 2540 fit
1152 2486 1242 2540 2817:
1271 2489 1315 2555 qui

382 2571 463 2625 fidem
490 2573 596 2625 miseris
621 2579 728 2641 servat,
756 2571 932 2626 incommodis
957 2588 1040 2641 saepe
1068 2573 1129 2640 ipae
1156 2573 1316 2641 implicatur

380 2657 446 2711 388:
466 2661 581 2712 miseros
601 2664 672 2711 emta
689 2660 782 2726 lingua
800 2658 946 2713 defendere
965 2663 1045 2726 turpe
1063 2664 1106 2712 est
1120 2658 1206 2713 2685:
1225 2661 1315 2728 ingra-

380 2750 425 2798 tus
443 2760 513 2797 unus
532 2744 655 2798 omnibus
674 2745 780 2798 miseris
799 2749 880 2799 nocet
898 2745 961 2799 970:
981 2761 1015 2798 ex
1032 2745 1141 2798 miseris
1159 2761 1248 2814 saepe
1267 2763 1315 2814 po·

277 2866 282 2877 .
381 2835 470 2883 tentes
489 2831 651 2884 exoriuntur
666 2830 747 2884 1285:
766 2831 858 2885 miseri
876 2832 993 2899 pristina
1011 2832 1141 2900 dignitate
1159 2832 1264 2899 privati
1283 2833 1316 2887 ab

380 2917 484 2984 ignaris
502 2915 654 2971 illuduntur
678 2917 762 2971 2078:
786 2917 900 2973 miseros
924 2918 1000 2972 amici
1019 2917 1081 2972 falsi
1100 2917 1239 2974 deserunt
1256 2918 1316 2973 328.

380 3002 439 3055 422.
476 3002 551 3056 1118.

175 3084 300 3142 lliseria:
319 3086 351 3139 11.
369 3085 463 3141 Dolor.
499 3087 579 3142 Mala.

175 3170 374 3229 lliserieordia:
394 3173 426 3226 cf.
445 3173 612 3227 Humanitas.

175 3257 321 3315 Modestia:
341 3258 373 3312 cf.
392 3259 591 3326 Temperantia.

175 3343 324 3400 Modestus:
343 3344 483 3398 beneficiis
501 3344 661 3400 afficiendus
681 3346 797 3399 est120.

175 3429 280 3486 llodus:
299 3431 331 3484 cf.
350 3431 532 3485 Mediocritas
571 3432 772 3499 Temperantia.

175 3514 440 3585 11111[11.0111111.
477 3517 629 3585 Tarditasl:
657 3518 684 3571 in
708 3517 799 3570 multis
825 3516 938 3585 prodest
961 3518 1019 3572 365.
1058 3519 1116 3573 866.
1154 3520 1219 3577 413.
1258 3524 1318 3578 777.

381 3601 456 3655 1401.
493 3602 569 3656 1407.
594 3604 670 3656 2221.
697 3603 779 3656 2515:
799 3605 826 3657 iu
845 3603 935 3657 rnultis
953 3611 1035 3658 uocet
1051 3604 1111 3658 382.
1135 3607 1217 3662 1312.
1239 3610 1319 3665 2418.

380 3688 456 3741 2639.
492 3688 572 3742 2812:
595 3705 679 3757 parva
703 3706 779 3743 mora
797 3696 919 3743 amantes
937 3690 1049 3745 incitare
1068 3692 1140 3746 solet
1158 3694 1248 3750 1313:
1273 3714 1320 3752 cu·

380 3775 518 3841 pientibus
544 3776 750 3844 amantibuaque
776 3777 862 3830 omnis
887 3792 965 3831 mora
982 3778 1088 3845 ingrata
1106 3784 1134 3833 et
1152 3781 1258 3837 odiosa
1276 3790 1321 3839 est

381 3859 438 3914 154.
475 3861 550 3914 1760.
588 3862 670 3915 1828:
690 3877 765 3917 mora
782 3863 849 3915 iram
867 3869 980 3930 superat
997 3863 1073 3917 2143.

175 3946 285 4003 llorbus
313 3946 355 4014 [cf.
384 3946 523 4014 (lentagio.
566 3947 708 4003 Valetudo.
750 3947 892 4016 Vulneral:
922 3950 1016 4003 mortis
1043 3949 1199 4006 fabricator
1237 3955 1320 4010 1387:

380 4032 467 4086 morbi
485 4038 621 4101 nunquam
639 4034 667 4088 in
685 4039 760 4087 terra
778 4049 833 4086 non
851 4039 1011 4102 grassantur
1029 4034 1112 4089 1462:
1134 4036 1243 4095 divitiis
1262 4059 1320 4097 non

173 4155 379 4167 ——--—·-··-—-

252 4240 295 4293 †*)
309 4242 387 4283 Noram
401 4237 459 4276 lianc
472 4249 497 4277 ac
512 4239 587 4278 tritam
601 4249 678 4278 vocem
691 4240 793 4289 equidem
807 4241 829 4279 ln
842 4242 942 4280 veterum
954 4243 1069 4292 poetarum
1081 4241 1241 4285 Romanorum
1254 4248 1321 4288 llbrls

363 4357 365 4360 Ι
381 4307 480 4356 reperire
493 4318 537 4346 uon
549 4308 619 4358 potul.
