2978 5048
590 441 654 455 =)·r*'
685 444 693 455 l
706 443 768 456 ,η’κῆ
782 442 789 453 x

119 582 218 647 beant
245 585 436 649 sententiosa
463 585 615 666 ejusmodi
644 587 728 650 dicta
757 590 929 668 opportuno
959 586 1025 651 loco
1054 586 1195 651 adhibita
1227 588 1259 650 in

118 747 246 828 scriptis
275 748 528 829 orationibusque
557 767 620 814 non
649 751 752 814 minus
781 768 875 829 quani
898 748 930 810 in
959 749 1114 812 communi
1137 750 1203 813 uita
1225 755 1257 814 et

117 910 354 989 consuetudine,
377 929 449 975 cum
470 912 598 976 cuilibet
620 919 783 994 expertum
806 914 856 990 sit,
880 915 1021 991 nonest,
1044 931 1100 976 cur
1122 911 1257 993 amplius

118 1073 322 1153 comprobare
343 1079 439 1155 atque
462 1074 620 1139 illustrare
643 1077 795 1140 studeam.

204 1286 247 1349 Et
269 1288 315 1350 ita
337 1288 463 1371 quidem
485 1289 549 1353 late
572 1294 660 1370 patet
682 1290 807 1354 illorum
830 1309 914 1369 usus,
937 1296 973 1354 ut
995 1308 1056 1353 nou
1077 1290 1099 1353 ii
1119 1295 1254 1371 tanturn,

116 1450 173 1530 qui
194 1450 308 1514 studiis
329 1451 531 1515 honestarum
559 1453 676 1515 artium
704 1453 819 1517 eruditi
846 1460 927 1533 sunt,
957 1453 1108 1532 ejusmodi
1131 1458 1254 1517 senten-

116 1614 171 1677 tiis
208 1613 347 1678 dicentes
382 1615 614 1696 scribentesque
647 1616 694 1680 uti
732 1617 868 1695 soleant,
913 1635 1021 1680 verum
1062 1617 1159 1680 etiam
1199 1616 1255 1680 alii

115 1776 226 1855 multi,
254 1776 308 1857 qui
330 1796 434 1841 rerum
456 1779 646 1860 optirnarum
668 1778 718 1842 vel
740 1779 832 1860 plane
855 1784 997 1860 expertes
1024 1786 1098 1843 sunt
1120 1779 1169 1844 vel
1192 1779 1254 1859 pri-

115 1939 256 2004 moribus
278 1942 369 2005 morlo
390 1941 487 2005 labris
509 1959 563 2004 eas
585 1948 806 2021 gustaverunt,
836 1941 891 2005 ribi
920 1942 959 2005 ab
988 1942 1119 2006 eruditis
1147 1942 1254 2005 litera-

114 2103 221 2183 tisque
242 2103 320 2166 talia
344 2103 428 2168 dieta
451 2105 639 2168 audiverunt
662 2105 711 2168 vel
733 2103 891 2185 legerunt,
920 2111 1027 2168 tenere
1050 2104 1126 2169 haec
1149 2111 1196 2175 et,
1227 2106 1253 2169 si

114 2267 243 2346 quando
265 2267 385 2330 occasio
407 2266 513 2331 oblata
536 2267 586 2345 sit,
610 2268 813 2348 pronuntiare
835 2272 950 2331 ament.

203 2483 264 2547 Sed
300 2501 370 2546 cum
405 2482 574 2546 admodum
601 2483 707 2565 pauci,
746 2483 799 2562 qui
837 2486 973 2545 aetatem
1009 2500 1097 2544 suam
1128 2482 1253 2545 omnino

112 2644 342 2709 liberalissimis
371 2646 483 2709 stucliis
511 2646 673 2719 clcilicant,
703 2664 740 2707 cx
769 2650 910 2708 ueterum
939 2649 1102 2725 politanun
1125 2644 1252 2707 Latino-

111 2827 184 2872 rum
207 2808 305 2887 libris,
328 2827 405 2889 quos
427 2809 569 2889 legerunt
593 2806 850 2887 evolveruntquo,
874 2807 965 2886 quasi
987 2806 1131 2869 nucleum
1154 2824 1251 2886 quen-

111 2972 188 3035 clam
218 2976 399 3052 excernant,
434 2989 635 3051 quascunque
672 2970 845 3034 sententias
881 2974 913 3032 et
948 2970 1032 3033 vitae
1068 2987 1251 3049 litorumque
1339 3043 1353 3057 ¹

110 3140 280 3216 praecepta
303 3135 336 3197 in
358 3134 421 3197 illis
444 3133 657 3212 observarunt,
682 3133 744 3196 imo
761 3131 901 3213 plerique
920 3132 1071 3213 ejusmodi
1094 3138 1249 3213 apparatu

109 3316 224 3379 parum
251 3302 307 3361 aut
335 3315 462 3378 prorsus
489 3313 550 3360 non
582 3295 726 3359 instructi
753 3314 772 3358 a
802 3294 985 3358 scholastico
1013 3295 1120 3358 limine
1150 3295 1248 3359 disce-

109 3461 189 3524 ‹lant
227 3480 299 3541 nec,
343 3460 495 3543 quidquid
530 3458 611 3522 forte
647 3460 737 3540 pueri
773 3457 967 3536 ediscebant,
1007 3458 1062 3521 (liu
1098 3458 1248 3522 niernoria

109 3629 253 3702 teneant,
278 3642 404 3705 operam
427 3624 493 3687 sine
516 3623 611 3686 dubio
634 3640 696 3686 non
718 3620 905 3703 perdiderit,
934 3620 988 3700 qui
1018 3620 1099 3683 locos
1123 3621 1248 3684 illorum

108 3787 296 3868 scriptorum
326 3804 504 3852 communes
527 3790 687 3866 excerptos
709 3788 856 3863 certaque
879 3782 1000 3846 ratione
1023 3783 1188 3863 dispositos
1211 3784 1244 3846 in

108 3948 270 4031 publicum
297 3950 439 4014 ecliclerit

196 4172 306 4253 ltaque
343 4172 402 4236 etsi
433 4172 623 4253 jampridem
657 4170 823 4235 nonnullos
856 4169 1007 4250 ejusmodi
1043 4170 1164 4234 libellos
1194 4189 1247 4233 ex-

106 4342 195 4400 stare
222 4336 349 4400 minime
379 4337 502 4417 ignoro,
536 4339 643 4398 tamen
670 4353 835 4399 numerum
866 4333 991 4397 illorum
1025 4352 1104 4397 nova
1136 4333 1246 4397 antho-
