2978 5048
675 359 879 460 ...ΒΜ

712 550 784 613 548.

200 660 304 718 Estne
328 657 376 716 dei
398 657 482 716 sedes
504 657 562 725 nisi
584 662 664 716 terra
686 663 717 716 et
738 664 846 731 pontus
868 665 898 719 et
920 667 971 720 atr

200 763 247 822 Et
272 763 386 820 coelum
409 764 438 819 et
458 760 573 818 virtus?
596 776 720 833 superos
743 762 815 837 quid
838 763 1005 837 quaerimus
1027 767 1127 825 ultra?

202 866 330 938 Jupiter
351 870 410 933 est,
435 862 630 937 quodcunque
652 862 744 936 vides,
769 865 966 940 quodcunque
989 871 1123 928 moveris.

202 969 364 1040 Sortilegis
387 972 491 1038 egeant
513 966 594 1024 dubii
616 983 791 1041 semperque
813 967 919 1027 futuris
1041 968 1044 972 ’

203 1072 335 1132 Casibus
357 1070 517 1142 ancipites:
540 1088 586 1129 me
608 1084 667 1128 non
691 1071 813 1128 oracula
835 1077 956 1140 certum,

203 1175 270 1235 Sed
298 1190 378 1231 mors
408 1178 489 1231 certa
516 1172 602 1232 facit:
634 1172 741 1245 pavido
771 1172 901 1247 fortique
932 1173 1095 1234 cedendum
1127 1182 1181 1236 est.
1224 1178 1336 1236 Lucan.

1082 1280 1187 1341 Phers.
1212 1277 1241 1353 9,
1264 1277 1336 1342 578.

734 1374 805 1439 549.

206 1484 265 1543 Est
284 1482 371 1541 nobis
394 1482 523 1541 voluisse
546 1482 627 1541 satis.
650 1512 691 1521 -
734 1482 799 1542 Tib.
823 1481 905 1556 Eleg.
930 1479 966 1549 4,
992 1479 1024 1554 1,
1049 1480 1077 1542 7.

739 1580 810 1645 550.

211 1689 282 1749 neto
305 1689 404 1748 animo
427 1688 514 1759 forti,
537 1706 601 1748 curn
624 1688 665 1746 sis
688 1689 842 1748 damnatus
864 1688 978 1763 inique!

208 1795 303 1853 Nemo
328 1792 378 1851 diu
402 1792 522 1865 gaudet,
548 1792 597 1866 qui
616 1792 717 1864 judice
739 1792 832 1851 vincit
854 1792 966 1866 iniquo.
1012 1792 1076 1854 Cat.
1100 1796 1177 1856 Dist.
1202 1790 1234 1866 2,
1261 1791 1308 1854 14.

730 1891 808 1957 551.

203 2001 265 2060 Est
287 2015 396 2073 operae
419 1998 546 2072 pretinm
569 1999 695 2074 duplicis
718 2016 897 2073 pernoscere
915 2002 991 2074 juris

203 2105 363 2163 Naturam.
385 2131 427 2146 -
473 2103 546 2160 Hor.
570 2103 632 2163 Sat.
655 2099 690 2173 2,
714 2099 749 2174 4,
773 2099 824 2160 63.

733 2201 809 2266 552.

201 2309 264 2368 Est
283 2307 420 2382 profecto
445 2308 532 2377 deus,
556 2309 623 2384 qni,
647 2326 722 2382 qnae
745 2325 799 2368 nos
822 2311 961 2387 gerimus,
977 2310 1127 2396 ‘auditque
1150 2317 1181 2369 et
1202 2312 1291 2372 videt.

933 2413 1030 2474 Plant.
1055 2413 1140 2487 Gapt.
1164 2409 1200 2485 2,
1224 2409 1259 2486 2,
1283 2409 1334 2474 63.

736 2510 808 2574 553.

200 2620 261 2678 Est
284 2616 415 2693 quadam
438 2617 560 2691 prodire
581 2621 677 2686 tenus,
701 2617 726 2674 si
747 2633 806 2677 non
822 2618 910 2678 datur
922 2620 1010 2679 ultr'a.
1043 2622 1116 2680 Hor.
1129 2620 1186 2694 Ep.
1201 2615 1228 2691 1,
1244 2617 1270 2693 1,
1283 2616 1333 2682 32.

736 2715 807 2779 554.

456 2824 513 2883 Est
537 2823 681 2897 quaedam
703 2821 774 2882 flere
796 2782 942 2899 veluptas.

287 2927 439 3000 Expletur
461 2927 589 2986 lacrimis
613 2927 801 3002 egeriturque
829 2927 923 2987 dolor.
968 2930 1020 2989 Ov.
1043 2930 1132 2990 Trist.
1156 2927 1185 3002 4,
1209 2925 1238 3000 3,
1262 2926 1312 2988 37.

735 3027 806 3089 555.

182 3139 320 3209 Estque
343 3134 406 3206 pati
428 3151 539 3209 poenes
562 3151 648 3208 qnam
671 3135 812 3194 meruisse
834 3137 938 3195 minus.
984 3136 1035 3197 Ov.
1059 3137 1145 3196 Pont.
1172 3133 1259 3207 1,·1,
1283 3132 1334 3193 62.

735 3234 806 3297 556.

174 3348 251 3407 Est
278 3356 405 3415 qnoque
430 3346 599 3398 cunctarum
623 3341 737 3399 novitas
762 3343 917 3402 carissima
938 3360 1045 3413 rerum,

285 3443 454 3516 Gratiaque
468 3442 575 3514 officio,
591 3444 670 3517 quod
686 3460 769 3503 mora
782 3445 890 3516 tardat,
905 3445 996 3504 abest.
1028 3447 1080 3506 Ov.
1091 3447 1177 3506 Pont.
1192 3440 1221 3514 3,
1236 3442 1265 3515 4,
1282 3440 1332 3504 51.

733 3543 805 3605 557.

165 3657 243 3718 Est
270 3648 365 3710 socia
385 3648 489 3706 mortis
512 3648 622 3707 homini
646 3650 707 3708 vita
728 3649 864 3723 ingloria.
908 3652 941 3710 P.
965 3651 1030 3726 Syr.

730 3748 801 3813 558.

162 3864 243 3926 Est
271 3859 367 3914 vetus
390 3860 478 3928 atque
504 3854 629 3927 probus,
660 3862 776 3915 centum
801 3858 850 3930 qui
881 3857 999 3931 perficit
1027 3874 1128 3918 annos.
1179 3860 1252 3918 Her.
1274 3851 1351 3932 Ep

1177 3956 1256 4032 2,1,
1281 3956 1331 4020 39.

729 4056 800 4120 559.

163 4173 243 4234 Est
272 4163 377 4222 virtus
399 4162 515 4235 placitis
539 4162 717 4222 abstinuisse
740 4163 835 4224 honis.
882 4166 934 4224 Ov.
957 4167 1027 4225 Her.
1054 4160 1107 4237 17,
1131 4159 1181 4224 98.

643 4281 646 4286 ·
732 4263 804 4326 560.

170 4378 248 4440 Est
277 4369 350 4429 vita
370 4368 477 4428 misero
500 4371 602 4443 longa,
626 4370 704 4429 felici
727 4371 834 4431 brevis.
878 4373 913 4432 P.
937 4373 1001 4450 Syr.
