2978 5048
575 382 780 482 ...ΗΜ

639 573 708 640 156.

99 683 244 742 Bacchus
268 689 297 741 et
319 681 436 740 afflictis
458 681 590 755 requiem
612 685 786 743 mortalibus
810 683 903 755 affert,

195 784 291 845 Crura
313 787 385 845 licet
406 785 481 844 dura
502 784 645 858 compede
666 787 754 860 pulsa
768 792 884 846 sonent.
915 785 979 845 Tib.
998 787 1084 862 Eleg.
1106 783 1132 860 1,
1147 784 1176 861 7,
1191 782 1241 846 41.

640 901 708 964 157.

355 1007 518 1067 Barbatum
539 1008 614 1068 haec
637 1009 726 1069 crede
747 1011 919 1084 magistrum

100 1113 292 1173 Bicera-
335 1113 420 1172 Pers.
444 1103 570 1198 8114,
596 1110 623 1172 1.

637 1223 705 1290 158.

100 1336 207 1397 Barba
228 1337 310 1397 viros
332 1337 488 1410 hirtaeque
511 1333 617 1394 decent
638 1334 669 1392 iu
683 1349 808 1408 corpore
818 1341 910 1397 setae.
942 1335 995 1396 01.
1008 1336 1083 1397 Μ11.
1100 1332 1147 1409 13,
1163 1332 1236 1397 856.

639 1446 708 1510 159.

355 1559 449 1618 Β1111

107 1665 247 1724 Petamus
273 1679 360 1735 arva,
384 1662 491 1723 divites
514 1667 544 1722 et
565 1662 689 1722 insulas.
733 1661 807 1723 Hor.
828 1661 926 1738 Epod.
952 1655 1001 1738 16,
1023 1658 1075 1721 41.

636 1775 707 1841 too.

99 1888 308 1958 Β111111111,
333 1887 383 1961 qui
404 1886 509 1960 procul
532 1886 670 1959 negotiis,

192 1989 235 2049 Ut
256 1991 356 2064 prisca
377 2006 447 2063 gens
470 1989 647 2061 mortalium,

96 2093 327 2155 Paternacum
349 2092 442 2153 bobus
464 2098 583 2151 exercet
605 2092 676 2163 suis,

192 2197 313 2256 Solutus
335 2197 414 2255 omui
436 2195 569 2255 foenore.
613 2196 687 2256 Hor.
709 2193 806 2268 Epod.
830 2189 868 2269 2,
894 2192 921 2253 1.

635 2309 706 2376 161.

354 2421 438 2479 Β1111
460 2419 588 2478 delectat
610 2435 708 2479 eruor.
754 2419 823 2479 Seu.
844 2419 935 2478 Hero.
958 2417 1029 2478 Fur.
1053 2414 1128 2479 405.

635 2535 705 2598 162.

95 2645 190 2705 Bella
209 2651 314 2717 gerant
335 2645 397 2716 alii,
420 2644 605 2704 Protesilaus
629 2647 716 2702 amet.
761 2641 814 2701 Ov.
837 2643 910 2702 Her.
936 2637 993 2713 13,
1017 2636 1068 2701 84.

633 2740 703 2806 163.

95 2852 189 2912 Bella
210 2867 297 2911 manu
319 2851 469 2925 letumque
491 2867 571 2924 gero.
595 2879 636 2893 -
680 2850 761 2923 Virg.
784 2848 857 2908 Aen.
882 2845 910 2920 7,
933 2843 1006 2906 455.

633 2946 705 3012 164.

93 3058 204 3118 Bellus
226 3059 313 3118 homo
337 3064 367 3118 et
388 3074 510 3131 magnus
533 3058 577 3116 vis
601 3056 695 3128 idem,
719 3053 820 3124 Cotta,
844 3054 957 3114 videri:

192 3163 250 3222 Sed
273 3165 323 3237 qui
339 3162 432 3221 bellus
456 3163 543 3220 homo
567 3166 628 3232 est,
652 3158 754 3229 Cotta,
783 3161 910 3231 pusillus
938 3159 1026 3218 homo
1050 3165 1103 3219 est.
1147 3159 1236 3218 Mart.

956 3263 1060 3337 Epigr.
1087 3260 1119 3334 1,
1145 3256 1181 3334 9,
1207 3259 1234 3322 1.

632 3365 702 3428 165.

349 3472 432 3531 Bono
464 3474 630 3532 consultum
659 3472 865 3532 inconsultum,
889 3475 953 3541 est,
991 3471 1017 3527 si
1044 3468 1078 3527 id
1104 3468 1233 3527 inimicis

1087 3573 1154 3630 usui
1178 3577 1232 3642 est,

91 3681 207 3753 Neque
228 3684 335 3752 potest,
360 3679 446 3752 quin,
470 3681 495 3737 si
517 3679 645 3739 inimicis
668 3679 737 3738 usui
759 3683 815 3750 est,
838 3678 918 3738 obsit
939 3675 1003 3735 tibi.

92 3784 218 3856 Quippe
241 3784 292 3856 qui
313 3783 497 3840 resciverunt
517 3783 630 3840 inimici
654 3783 808 3841 consilium
832 3788 922 3853 tuum,

89 3888 216 3958 Tuopto
238 3886 292 3944 tibi
316 3885 440 3944 consilio
464 3885 623 3944 occludunt
643 3885 772 3958 linguam
795 3891 826 3945 et
849 3885 1055 3957 coustringunt
1076 3896 1180 3940 manus

90 3992 200 4063 Atque
231 3988 347 4060 eadem,
381 4005 456 4063 quae
488 3988 548 4047 illis
578 3989 698 4048 voluisti
732 3987 845 4060 lacere,
879 3988 992 4048 faciunt
1019 3985 1084 4045 tibi.
1135 3985 1230 4045 Plaut.
1319 3982 1323 3987 ’

990 4090 1055 4150 mu.
1079 4085 1115 4161 1,
1142 4085 1175 4161 1,
1198 4082 1229 4147 o.

632 4191 701 4254 too.

347 4300 429 4359 Beue
451 4305 513 4370 est,
536 4300 583 4359 cui
606 4299 680 4358 deus
704 4299 814 4360 obtulit

185 4403 295 4473 Parca,
320 4404 398 4478 quod
420 4406 494 4463 satis
517 4409 576 4474 est,
599 4420 697 4463 mauu.
742 4404 817 4462 Hor.
841 4400 895 4460 Od.
919 4396 955 4471 3,
982 4393 1038 4471 16,
1062 4395 1111 4457 43.
