2978 5048
633 346 837 447 ...iim

703 538 775 603 304.

421 642 588 704 credulitas
601 644 707 704 damno
719 648 795 706 solet
806 662 872 706 esse
884 644 1001 719 puellis.
1035 645 1087 704 Ov.
1101 646 1171 705 Her.
1188 641 1235 716 17,
1254 639 1309 706 39.

701 743 775 806 305.
1176 744 1178 749 ’

176 845 363 907 Crescentem
387 850 520 924 sequitur
541 867 613 910 cura
633 853 788 924 pecuniam

173 949 381 1026 Majorumque
404 953 503 1013 fames.
529 981 565 992 -
612 955 686 1013 Hor.
711 954 765 1015 Od.
790 949 827 1025 3,
854 948 909 1024 16,
935 949 983 1013 17.
1023 1023 1028 1036 .

702 1052 774 1114 306.

174 1153 289 1217 Crescit
299 1175 382 1217 amor
392 1158 511 1227 nummi,
525 1164 664 1232 quantum
680 1163 748 1234 ipss
760 1161 887 1234 pecnnia
899 1161 1000 1220 erevit.
1018 1160 1085 1219 Juv.
1095 1160 1158 1219 Sat.
1174 1155 1309 1231 14,139.

270 1253 274 1266 ’
703 1259 774 1324 307.

423 1365 567 1426 Crescunt
579 1369 646 1426 loca
659 1367 899 1427 decrescentibus
913 1367 1009 1427 undis.
1033 1367 1086 1426 Ov.
1102 1366 1175 1426 Met.
1191 1362 1219 1438 1,
1233 1361 1310 1424 345.

703 1465 775 1529 308.

174 1569 338 1631 Creverunt
360 1578 390 1631 et
412 1588 484 1645 opes
508 1580 538 1632 et
560 1589 648 1648 opum
670 1573 783 1634 furiosa
807 1574 924 1650 cupido,

227 1704 230 1710 ·
261 1669 388 1734 Etcum
410 1676 585 1749 possideant
605 1678 750 1750 plurima,
773 1678 861 1751 plura
882 1678 998 1735 volunt:
1091 1658 1094 1662 Α

175 1775 225 1835 Sic
249 1779 355 1851 quibus
376 1779 516 1838 intumuit
538 1779 649 1839 suffusa
670 1786 773 1840 venter
795 1779 832 1839 ab
855 1780 943 1850 unda,

261 1882 325 1954 Quo
347 1883 414 1955 plns
438 1889 508 1942 sunt
528 1889 627 1957 potae,
650 1886 718 1957 plus
733 1884 876 1943 sitiuntur
886 1898 990 1957 aquae.
1026 1881 1079 1939 Ov.
1094 1881 1176 1939 Fast.
1191 1876 1219 1951 1,
1233 1875 1312 1939 211.

540 2000 543 2004 ’
702 1982 774 2047 309.

173 2083 309 2146 Crudelis
331 2087 363 2145 in
385 2104 418 2147 re
442 2087 566 2148 adverse
588 2095 633 2149 est
655 2089 831 2163 objurgatio.
874 2089 908 2149 P.
932 2087 997 2162 Syr.

701 2189 772 2250 310.

425 2293 561 2353 Crudelis
584 2296 693 2369 ubique

175 2395 296 2467 Luctus,
320 2395 430 2470 ubique
453 2413 547 2470 pavor
568 2405 596 2457 et
617 2401 746 2472 plurima
757 2400 862 2459 mortis
874 2400 979 2472 imago.
1003 2400 1084 2472 virg.
1100 2398 1174 2457 Aen.
1188 2391 1217 2468 2,
1233 2393 1311 2459 368.

704 2497 776 2561 311.

424 2602 554 2663 Cruenta
615 2612 618 2619 '

174 2705 232 2763 Per
253 2705 366 2764 medias
389 2707 469 2780 rapit
490 2708 537 2770 ire
558 2708 673 2767 caedes.
718 2710 790 2768 Hor.
815 2708 870 2768 Od.
894 2703 929 2778 3,
953 2703 990 2777 2,
1016 2702 1063 2765 11.

702 2806 774 2869 312.

176 2912 230 2970 Cui
253 2913 282 2971 di
307 2918 375 2971 sunt
397 2912 510 2971 homini
532 2913 666 2986 propitii,
690 2915 805 2972 lucrum
827 2914 855 2972 ei
878 2912 1010 2986 profecto
1026 2911 1178 2984 objiciunt.
1206 2910 1311 2969 Plani.

783 2991 786 2995 ’
1122 3012 1208 3072 Cure.
1234 3007 1310 3072 531.

648 3188 654 3198 Ι
702 3114 774 3179 313.

175 3220 229 3278 Oui
260 3221 372 3280 homini
402 3221 443 3278 dii
474 3222 598 3296 propitii
626 3229 712 3294 sunt,
749 3221 864 3296 aliquid
896 3219 1040 3294 objiciunt
1071 3221 1155 3279 lucri.
1209 3220 1309 3279 Plsut.

1045 3323 1128 3381 Pers.
1152 3319 1187 3392 4,
1211 3317 1251 3392 3,
1280 3319 1308 3383 1.

703 3424 775 3488 314.

424 3531 479 3589 Cui
501 3533 580 3590 lecta
601 3536 741 3604 potenter
763 3533 821 3590 erit
843 3546 901 3600 res,

175 3635 238 3692 Nec
260 3634 400 3694 facundia
422 3634 540 3694 deseret
561 3634 639 3692 hunc
662 3651 717 3693 nec
739 3634 855 3693 lucidus
878 3633 961 3693 ordo.
1006 3634 1079 3692 Hor.
1102 3632 1137 3692 A.
1161 3632 1193 3689 P.
1218 3628 1271 3690 40.

701 3732 773 3796 315.
791 3760 801 3777 c

176 3838 231 3899 Oui
264 3843 358 3901 malus
386 3847 434 3900 est
463 3857 564 3912 nemo,
595 3841 660 3915 quis
693 3842 788 3901 bonus
812 3856 877 3898 esse
907 3845 1028 3913 potest?
1082 3840 1171 3901 Mart.
1201 3840 1310 3914 Epigr.

1114 3939 1169 4014 12,
1193 3935 1252 4013 80,
1278 3940 1309 4005 2.

704 4042 775 4103 316.

176 4146 231 4206 Gni
253 4164 311 4207 non
335 4147 491 4207 conveniet
513 4166 566 4208 sua
587 4167 653 4221 res,
677 4157 711 4210 111
728 4116 847 4208 'calceus
871 4150 949 4220 clim,

175 4249 208 4311 Si
230 4252 306 4325 pede
329 4252 424 4324 major
447 4254 521 4323 erit,
544 4254 709 4325 subvertet,
733 4255 758 4312 si
781 4255 893 4324 minor,
917 4259 991 4314 uret.

175 4355 285 4414 Laetus
309 4361 388 4415 sorte
410 4359 463 4414 tna
483 4357 564 4415 vives
586 4359 747 4432 sapienter.
771 4386 812 4398 -
856 4357 1010 4432 Ηο1.Ερ.
1036 4353 1070 4431 1,
1098 4351 1151 4428 10,
1176 4351 1227 4413 42.
1252 4368 1256 4374 ·
