2978 5048
722 329 759 389 12

645 413 850 428 ΚΛΛΜΙἾΛΛΜ

711 522 781 585 145.

176 630 287 690 Aurum
310 632 341 690 iu
371 632 490 692 fortuna
511 630 669 691 iuvenitur.
692 657 734 671 -·
777 630 872 690 Plaut.
895 630 994 726 Pseu.
1013 624 1045 697 1,
1068 624 1105 697 2,
1128 621 1180 684 89.

714 729 784 794 146.

428 837 541 896 Aurum
577 837 608 895 in
642 854 786 896 summum
821 839 965 897 suecessit
995 838 1148 895 honorem.
1192 833 1318 896 Lueret.

1039 941 1074 999 R.
1098 932 1137 998 N.
1159 934 1194 1009 5,
1221 933 1317 998 1275.

713 1039 784 1105 147.

265 1147 378 1207 Aurum
402 1155 503 1207 omne's
525 1149 605 1208 victa
623 1150 684 1221 jam
706 1149 819 1222 pietate
843 1149 951 1207 colunt.

178 1251 260 1310 Auru
285 1253 374 1326 pulsa
396 1252 484 1323 fides,
510 1269 582 1311 auru
605 1253 722 1312 venalia
739 1254 823 1325 jura:

260 1357 373 1415 Aurum
404 1357 453 1416 lex
482 1356 633 1430 sequitur,
661 1373 729 1415 mox
757 1357 821 1414 sine
851 1357 915 1428 lege
943 1354 1049 1429 pudor.
1101 1354 1191 1427 Prop.
1225 1354 1314 1426 Eleg.

1118 1453 1153 1528 3,
1180 1452 1235 1527 11,
1259 1453 1314 1515 48.

711 1556 780 1620 148.
833 1610 841 1632 ,

179 1667 290 1726 Aurum
312 1683 368 1740 per
391 1666 503 1724 medios
525 1666 570 1724 ire
592 1665 736 1726 satellites

178 1770 219 1830 Et
241 1786 434 1844 perrumpere
457 1775 536 1828 amat
558 1787 638 1840 saxa,
662 1771 814 1843 potentius

178 1874 244 1933 Ictu
265 1872 418 1933 fulmineo.
462 1874 535 1932 Hor.
560 1874 614 1934 Od.
638 1869 673 1946 3,
700 1868 754 1942 16,
778 1870 807 1933 9.

706 1971 776 2034 149.

175 2081 236 2140 Aut
257 2081 336 2155 petis
359 2085 410 2140 aut
432 2096 518 2154 urges
540 2081 697 2151 ruiturum,
721 2081 859 2155 Sisyphe,
884 2098 995 2141 saxum.
1032 2081 1086 2140 Ov.
1108 2079 1181 2140 Met.
1193 2076 1222 2151 4,
1235 2075 1312 2139 459.

704 2179 773 2242 150.

175 2291 235 2349 Aut
256 2287 399 2362 prodesse
422 2289 526 2347 volunt
547 2293 600 2347 aut
622 2287 770 2348 delectare
792 2293 908 2361 poetae,

176 2392 237 2451 Aut
264 2392 351 2451 simul
380 2398 410 2451 et
428 2390 561 2465 J'ucunda
582 2395 613 2450 et
634 2390 744 2450 idonea
766 2391 866 2450 dicere
888 2392 977 2452 vitae.
1020 2392 1094 2450 Hor.
1117 2389 1153 2449 A.
1177 2391 1210 2451 P.
1234 2385 1311 2450 333.

703 2491 773 2554 151.

175 2599 326 2659 Auxilium
348 2599 448 2658 multis
472 2615 576 2658 suasus
599 2603 630 2658 et
651 2598 745 2659 herba
766 2598 830 2658 fuit
876 2598 928 2658 Ov.
951 2598 1034 2657 Rem.
1057 2591 1131 2655 528.

706 2697 775 2762 152.

424 2802 575 2863 Auxilium
598 2820 657 2864 nou
680 2807 743 2867 leve
765 2807 864 2864 vultus
879 2803 978 2864 habet.
1001 2803 1055 2864 Ov.
1068 2803 1155 2861 Pont.
1170 2797 1200 2873 2,
1212 2794 1242 2871 8,
1255 2794 1309 2858 54.

706 2905 775 2967 153.

424 3008 574 3070 Avarities
598 3017 627 3096 et
649 3013 794 3072 honorum
818 3028 908 3070 eaeaa
930 3011 1049 3087 cupido,

177 3115 257 3186 Quae
280 3114 405 3173 miseros
428 3113 562 3173 homines
587 3123 694 3189 coguut
715 3116 926 3176 transcendere
950 3114 1024 3174 fines

176 3219 258 3278 Jnris
282 3223 312 3276 et
334 3217 482 3277 interdum
507 3219 604 3278 socios
627 3223 772 3280 scelerum
795 3226 884 3295 atque
906 3219 1058 3278 ministros

175 3322 286 3381 Noctes
310 3326 398 3396 atque
423 3321 486 3380 dies
508 3322 564 3380 uiti
587 3331 759 3396 praestante
781 3325 883 3383 labore

174 3422 221 3482 Ad
244 3441 370 3484 summas
394 3442 543 3499 emergere
566 3442 653 3500 opes,
677 3429 752 3487 haas
774 3429 897 3488 vulnera
919 3427 998 3485 vitae

175 3527 243 3586 Non
265 3528 414 3588 minimam
435 3535 551 3604 partem
573 3533 677 3590 mortis
706 3531 863 3591 formidine
892 3531 1021 3589 aluntur.
1065 3529 1184 3588 Lueret.
1208 3527 1243 3585 R.
1269 3527 1309 3585 N.

1202 3626 1231 3715 3,
1255 3625 1309 3690 59.

705 3734 776 3798 154.

173 3839 302 3900 Avarum
323 3840 432 3911 irritat,
456 3857 515 3900 uon
538 3842 629 3901 satiat
649 3842 785 3916 pecunia.
828 3841 862 3898 P.
887 3841 954 3915 Syr.

703 3941 773 4004 155.

174 4047 289 4108 Avarus
312 4047 427 4107 animus
450 4048 533 4107 nullo
557 4027 684 4109 satiatur
705 4051 800 4108 luero.
845 4047 879 4108 P.
904 4046 970 4123 Syr.

639 4263 842 4277 q—-u-——u-—u-q
