2978 5048
709 322 750 383 60

630 408 835 425 ΜΛΛΛΛΛΡΝΛΑ

703 515 774 576 775.

173 621 365 680 Grammatioi
389 627 504 681 certant
527 631 556 683 et
578 624 675 682 adhuc
698 623 751 681 sub
772 623 872 695 jndice
895 625 931 681 lis
954 627 1008 683 est.
1038 622 1110 680 Hor.
1134 620 1169 679 A.
1194 620 1230 678 P.
1256 613 1308 676 78.

697 737 769 801 777.
1026 734 1029 739 ·

419 847 538 906 Grande
561 848 672 906 doloris

173 952 326 1024 Ingenium
350 958 409 1021 est,
433 952 609 1026 miserisque
632 953 713 1010 venit
735 951 867 1008 sollertia
889 950 985 1008 rebus.
1032 949 1169 1009 Ov.Met.
1184 944 1217 1019 6,
1235 944 1310 1007 574.

699 1071 770 1132 777.

177 1179 298 1237 Grande
321 1194 421 1236 morae
445 1180 581 1252 pretinm.
608 1211 643 1218 —
690 1178 743 1237 Ov.
767 1178 838 1236 Her.
863 1174 898 1246 7,
924 1173 973 1234 74.

701 1276 773 1338 778.

178 1385 310 1444 Grandia
333 1402 422 1458 saepe
446 1385 551 1459 quibus
574 1386 776 1444 mandavimus
800 1385 912 1444 hordea
935 1385 1034 1451 sulois,

176 1487 282 1546 Infelix
305 1490 404 1546 lolium
429 1496 459 1548 et
480 1490 596 1547 steriles
621 1489 810 1547 dominantur
833 1504 952 1546 avenae.
997 1488 1077 1559 Virg.
1102 1487 1171 1545 Bne.
1200 1484 1235 1557 5,
1261 1484 1314 1547 36.

704 1606 775 1667 779.
999 1581 1004 1590 '

177 1712 310 1773 Grandia
333 1715 357 1770 si
380 1714 479 1786 parvis
503 1714 667 1772 assimilare
690 1714 770 1772 lieet.
817 1713 868 1770 Ov.
893 1711 983 1769 Trist.
1010 1708 1041 1778 1,
1066 1709 1102 1780 5,
1126 1706 1175 1770 28.

704 1827 775 1892 780.

178 1938 272 1997 Grata
295 1939 492 2010 superveniet,
519 1955 593 2011 quae
617 1955 676 1996 non
692 1938 873 2010 sperabitur,
896 1937 980 1995 hora.
1011 1937 1084 1995 Hor.
1097 1937 1154 2011 Ep.
1170 1934 1198 2008 1,
1217 1935 1248 2010 4,
1266 1933 1317 1999 14.
1353 1940 1360 1953 ·

702 2036 773 2101 781.

181 2145 286 2205 Gratia
309 2144 370 2214 dia,
394 2146 485 2203 menti
509 2145 640 2218 quolibet
662 2147 706 2205 ire
728 2147 808 2203 licet.
855 2144 906 2203 Ov.
929 2144 1015 2202 Pont.
1040 2139 1077 2215 3,
1101 2142 1134 2215 5,
1159 2141 1213 2203 48.

707 2242 778 2308 782.

181 2353 284 2412 Gratia
306 2369 361 2425 pro
382 2352 471 2411 rebus
494 2356 600 2412 merito
625 2354 748 2413 debetur
769 2355 897 2412 inemtis.
943 2352 997 2411 Ov.
1020 2351 1083 2410 Am.
1111 2349 1136 2423 l,
1163 2347 1214 2422 10,
1240 2347 1296 2411 43.

705 2451 776 2516 783.

181 2560 301 2630 Gratia,
327 2577 402 2634 quae
425 2561 511 2619 tarda
534 2566 593 2630 est,
617 2562 734 2634 ingrata
757 2567 816 2619 est:
840 2561 935 2632 gratia
957 2576 1085 2632 namque

274 2663 345 2723 Gnm
368 2663 434 2722 fieri
456 2671 605 2738 properat,
630 2665 725 2737 gratia
747 2669 831 2737 grata
841 2664 944 2736 magis.
976 2659 1320 2738 Auson.Epigr.82,1.

708 2779 779 2842 784.

183 2886 345 2961 Gratiaque
368 2887 479 2958 officio,
505 2889 583 2962 qnod
605 2905 689 2947 mora
711 2888 818 2956 tardat,
842 2888 934 2946 abest.
980 2889 1032 2947 Ov.
1056 2888 1142 2947 Pont.
1166 2862 1195 2961 3,
1212 2884 1245 2960 4,
1265 2884 1320 2951 52.

706 2985 777 3050 785.

182 3093 286 3152 Gratia
311 3096 354 3152 sia
376 3095 497 3153 minimo
519 3113 625 3170 magna
646 3095 748 3154 labore
771 3096 861 3153 venit.
907 3087 961 3152 Ov.
986 3094 1050 3154 Am.
1076 3090 1104 3163 3,
1129 3090 1158 3165 4,
1182 3092 1235 3154 46.

707 3192 777 3255 786.
1357 3186 1360 3197 '

124 3371 128 3380 ¹
181 3302 303 3360 Gratior
327 3308 372 3360 est
394 3302 519 3376 pulchro
542 3303 663 3360 veniens
686 3303 716 3359 in
741 3319 865 3375 corpore
882 3305 983 3362 virtus.
1012 3302 1178 3373 Virg.Aen.
1196 3298 1228 3373 5,
1243 3298 1322 3363 344.

711 3400 782 3464 787.

182 3511 303 3572 Gratius
329 3527 364 3568 ex
387 3509 453 3582 ipso
476 3508 557 3568 fonte
579 3509 721 3568 bibuntur
744 3525 848 3582 aqnae.
893 3509 946 3568 Ov.
968 3509 1055 3570 Pont.
1080 3505 1114 3578 3,
1139 3504 1176 3581 5,
1203 3505 1257 3568 18.
1297 3566 1302 3576 ,

515 3601 520 3611 ’
572 3604 576 3610 ’
707 3607 777 3670 788.

182 3716 304 3801 Gratum
327 3720 389 3786 est,
414 3716 492 3790 quod
514 3718 630 3788 patriae
653 3717 744 3774 civem
767 3718 940 3789 populoque
962 3716 1085 3774 dedisti:

185 3820 215 3880 Si
239 3820 328 3891 laoiS,
356 3825 389 3877 nt
408 3821 523 3894 patriae
547 3821 595 3879 sit·
609 3820 747 3888 idoneus,
772 3819 854 3877 utilis
878 3821 966 3892 agris,

181 3923 271 3983 Utilis
295 3929 325 3981 51
346 3923 490 3982 bellorum
513 3929 543 3982 et
565 3925 648 3997 pacis
671 3922 759 3987 rebus
783 3922 912 3994 agendis.

182 4029 343 4086 Plurimum
367 4027 443 4086 enirn
468 4027 624 4097 intererit,
648 4026 753 4100 quibus
777 4026 891 4084 ortibus
914 4032 944 4086 et
967 4025 1076 4100 quibus
1096 4025 1175 4085 hune
1197 4031 1231 4084 tn

180 4131 315 4190 Moribus
339 4131 488 4190 instituas.
514 4157 552 4168 -
598 4130 665 4191 Juv.
690 4131 751 4189 Sat.
779 4125 826 4200 14,
851 4124 902 4187 711.

601 4258 606 4269 ·
712 4246 783 4307 789.

184 4354 290 4415 Gravis
314 4355 429 4413 animus
453 4354 570 4413 dubiam
593 4372 652 4413 non
676 4354 766 4414 habet
788 4355 972 4414 sententiam.
1017 4354 1050 4411 P.
1075 4353 1140 4427 Syr.
