2978 5048
710 346 868 445 ,.,‘2,⁷⁴.,.,
897 436 901 445 .

437 546 520 598 saepe
540 530 721 583 nocet23191
747 528 845 582 infirmi
863 531 1007 599 exiguique
1026 533 1107 587 suimi
1124 537 1168 587 est
1185 532 1277 587 2163:
1298 530 1376 589 femi·

439 617 480 669 nis
499 616 613 667 inaximo
632 616 741 681 plaeere
761 614 832 668 solet
848 616 924 669 ‘atala
1441 608 1444 615 '

231 700 347 758 Vinum:
367 703 421 754 vini
440 716 536 769 magna
554 702 594 752 vis
614 708 656 753 est
674 701 748 753 2111.
785 701 866 753 2822:
892 715 1017 754 curarum
1035 702 1182 757 remedium
1209 704 1274 757 156.
1311 704 1372 758 344.

435 786 494 841 446.
532 786 609 838 2332.
644 785 721 838 2444.
748 785 824 839 2833.
852 785 934 840 2834:
954 787 1057 841 animos
1077 787 1122 841 dat
1140 797 1169 842 et
1188 790 1373 843 serenitatem

437 873 495 926 361.
535 870 616 925 2822:
648 871 757 938 corpori
784 871 926 938 animoque
953 873 1070 940 quietem
1097 873 1178 928 affert
1207 874 1253 928 51.
1305 874 1372 928 156:

437 963 532 1027 poetas
551 956 698 1011 inflammat
708 956 789 1009 lituu:
808 956 914 1009 modum
934 959 1067 1012 excedere
1082 960 1163 1028 J’ubet
1179 960 1266 1013 1683:
1287 960 1372 1015 nimio

437 1045 500 1097 rino
518 1044 605 1097 forma
623 1050 651 1096 et
669 1050 744 1095 aetas
764 1044 946 1109 corrumpitur
969 1044 1051 1097 2832:
1080 1046 1182 1099 inertes
1205 1045 1304 1100 reddit
1322 1046 1372 1100 ho·

437 1130 524 1182 mines
541 1131 617 1182 erli.

231 1217 283 1273 Vir
308 1216 352 1286 [ef.
372 1216 537 1270 Constantia.
573 1215 713 1267 Homines,
749 1214 867 1280 Virtusl:
892 1214 955 1281 quid
973 1215 1050 1266 virile
1069 1229 1167 1282 corpus
1186 1215 1291 1270 deceat
1310 1218 1374 1271 158:

436 1300 527 1354 studia
550 1301 647 1353 aetatis
670 1300 805 1367 animique
829 1300 914 1352 virilis
939 1301 1005 1352 ‘2891
1033 1300 1109 1353 virile
1136 1316 1224 1367 genus
1255 1303 1286 1355 in
1311 1310 1372 1357 arte

437 1393 560 1454 praestat
584 1386 664 1438 1155:
691 1385 793 1438 formae
815 1385 888 1437 viros
913 1385 991 1437 nimis
1017 1401 1126 1453 operam
1155 1386 1223 1440 dare
1253 1386 1373 1443 dedecet

437 1472 499 1524 715:
523 1472 604 1524 relius
623 1471 744 1523 adversis
769 1476 908 1537 sper-tatur
935 1470 976 1523 27.
1013 1471 1075 1524 615:
1103 1487 1158 1525 nen
1183 1471 1270 1526 decet
1296 1476 1373 1529 viros

437 1557 514 1609 nimis
529 1558 674 1609 vehemens
690 1555 768 1609 dolor
780 1556 842 1608 lidii:
862 1556 918 1608 viro
931 1563 1010 1623 turpe
1023 1563 1065 1609 est
1078 1556 1171 1610 futura
1182 1558 1285 1612 timere
1293 1559 1373 1614 2687.

231 1644 313 1700 Vires
338 1643 383 1709 [ef.
403 1644 536 1710 Corpus]:
565 1643 724 1708 tempestiva
749 1642 839 1707 quiete
864 1641 974 1693 aluntur
1000 1642 1082 1695 2836:
1108 1649 1138 1695 ut
1163 1642 1260 1697 desint
1287 1645 1372 1712 vires,

436 1736 526 1782 tamen
555 1734 598 1782 est
624 1726 760 1779 laudanda
788 1726 912 1779 voluutas
938 1726 1020 1779 2136:
1053 1741 1116 1780 suas
1142 1729 1261 1795 quisque
1296 1730 1371 1783 vires

436 1814 566 1881 respiciat
592 1812 673 1865 1674:
702 1811 747 1878 qui
771 1811 872 1863 viribus
898 1810 1040 1864 indefessis
1070 1812 1167 1878 utitur,
1193 1811 1300 1866 fortior
1332 1821 1375 1868 est

437 1901 500 1953 7⁸26:
519 1901 561 1952 ira
578 1899 650 1951 vires
670 1897 715 1949 dat
733 1902 761 1950 et
779 1897 969 1950 suscitatoris.
988 1894 1069 1948 2821:
1093 1897 1152 1950 sine
1170 1898 1280 1952 viribus
1301 1915 1374 1954 vana

434 1987 477 2038 ira
495 1991 537 2037 est
554 1984 630 2036 2758.

231 2073 331 2144 Virgo:
352 2072 384 2125 ef.
402 2072 519 2124 Femina.
556 2069 676 2122 Puellae.
1429 2134 1432 2141 Ι

231 2160 331 2215 Virtus
350 2157 392 2227 [cf.
413 2156 581 2210 Constantia.
604 2154 721 2222 lloreslz
741 2154 856 2207 medium
875 2152 1000 2204 vitiorum
1015 2152 1096 2204 2838:
1115 2153 1143 2204 in
1162 2154 1251 2207 certis
1270 2154 1375 2209 finibus

437 2249 561 2295 versatur
578 2240 643 2292 547:
663 2240 750 2307 qualis
768 2253 829 2291 esse
850 2238 949 2290 debeat
961 2238 1035 2289 1214.
1056 2238 1135 2290 1755:
1155 2253 1265 2291 summa
1283 2241 1374 2295 virtus

436 2329 517 2381 2001:
538 2327 588 2379 sibi
606 2327 665 2393 ipsa
683 2326 800 2392 pretium
819 2329 861 2377 est
880 2322 954 2375 1043.
975 2322 1048 2375 1044.
1077 2322 1152 2376 1254.
1179 2323 1260 2385 1833.
1285 2326 1373 2380 2025:

436 2428 486 2480 per
504 2427 534 2465 se
553 2410 672 2478 petenda
690 2417 732 2463 est
752 2409 834 2462 1254:
859 2408 985 2461 virtutem
1008 2408 1164 2474 paucissimi
1184 2410 1229 2462 sui
1248 2412 1374 2477 pretium
1428 2390 1432 2405 Ι

437 2502 533 2565 putant
551 2497 610 2549 odil
650 2497 722 2550 1452.
757 2495 839 2547 arro:
866 2508 994 2546 successu
1018 2493 1091 2545 unda
1115 2499 1262 2560 spectatur
1285 2495 1371 2549 2559:

436 2585 495 2637 sola
514 2582 640 2635 nobilitas
662 2582 742 2634 lirllll:
766 2597 831 2633 auro
851 2579 1003 2646 divitiisque
1021 2579 1209 2645 praestantior
1229 2586 1274 2633 est
1293 2581 1371 2634 2152.

436 2670 512 2722 2820.
548 2668 630 2719 2842:
660 2668 710 2720 silai
736 2668 796 2733 ipsa
814 2672 948 2731 temperat
971 2665 1032 2717 705:
1060 2665 1142 2718 rebus
1162 2663 1293 2718 adversis
1313 2682 1372 2720 eer-

435 2757 509 2809 nitur
527 2754 568 2807 aa
603 2753 663 2806 illl.
692 2752 754 2805 926:
775 2752 845 2804 mala
863 2750 932 2803 liene
952 2758 979 2803 et
997 2749 1165 2802 incommoda
1183 2749 1241 2803 fert
1259 2749 1371 2819 illisque

435 2840 534 2907 pandet
560 2840 603 2891 83.
642 2839 701 2890 llll.
737 2838 794 2889 615.
832 2835 907 2887 roal.
946 2834 1020 2886 llldss.
1059 2836 1134 2887 luit.
1171 2834 1253 2888 1638.
1293 2836 1370 2889 1669.

435 2927 510 2980 rtur.
546 2925 622 2977 alae.
659 2924 734 2976 2619.
770 2922 847 2974 2⁸25.
872 2920 954 2972 rael:
974 2918 1069 2971 famam
1088 2918 1165 2971 factis
1185 2917 1370 2974 disseminare

436 3010 528 3062 studet
545 3012 610 3062 didi:
637 3009 714 3062 factis
739 3012 877 3074 spectatur
902 3006 967 3057 389:
995 3003 1079 3056 verba
1106 3018 1159 3055 non
1184 3010 1252 3057 sunt
1283 3006 1370 3058 virtus

436 3096 494 3147 389.
529 3095 611 3148 asili:
632 3096 660 3147 in
679 3101 752 3146 astra
770 3091 857 3144 tendit
872 3090 948 3142 9843.
984 3087 1064 3140 Μῦς
1084 3088 1142 3139 sine
1161 3089 1282 3142 consilio
1304 3090 1370 3143 nihil

435 3187 527 3247 potest
544 3180 603 3233 4ῖῑ).
622 3181 703 3232 28ὁ3ε
723 3193 858 3244 nunquam
878 3176 905 3228 in
924 3174 1021 3226 vulnus
1040 3172 1153 3239 impellit
1166 3171 1252 3225 1035:
1274 3174 1369 3229 virtuti

436 3281 543 3333 semper
561 3266 637 3318 loeus
656 3272 698 3318 est
715 3263 795 3316 1737:
827 3260 920 3314 infelix
939 3274 1021 3325 saepe
1041 3265 1084 3312 est
1102 3257 1166 3310 953:
1190 3272 1228 3310 ex
1255 3257 1370 3313 fortuna

435 3353 595 3419 plerumque
614 3350 715 3417 pendet
733 3349 813 3401 2256:
838 3347 903 3399 felix
929 3345 1018 3398 scelus
1044 3348 1156 3397 roratur
1174 3342 1263 3395 virtus
1286 3343 1369 3397 1997:

434 3438 566 3504 pecuniae
597 3452 613 3489 a
638 3436 776 3511 plerisqne
804 3433 979 3500 postponitur
1004 3430 1087 3482 liae:
1117 3428 1207 3481 avaris
1237 3444 1298 3483 non
1328 3435 1370 3483 est

436 3538 516 3576 curae
536 3522 611 3574 1414.
651 3522 729 3574 1914:
758 3519 864 3571 virtutis
892 3518 979 3569 minor
998 3531 1075 3583 quam
1095 3514 1179 3567 famae
1201 3513 1264 3566 sitis
1284 3514 1368 3567 2596:

436 3609 469 3661 ab
484 3608 638 3662 homiuibus
664 3607 808 3659 invertitur
833 3603 896 3655 112:
920 3603 1046 3654 virtutem
1071 3598 1370 3667 ineolumemodimus,
1458 3625 1459 3628 ¹

436 3695 568 3748 sublatam
588 3709 621 3748 ex
640 3693 727 3746 oculis
750 3690 904 3758 quaerimus
927 3686 1008 3739 2847:
1038 3684 1141 3738 desidia
1162 3684 1320 3751 perit-184
1342 3693 1370 3739 et

435 3778 530 3832 fraude
550 3794 581 3831 ae
600 3779 703 3831 scelere
719 3777 781 3828 747:
805 3791 864 3827 cum
884 3787 986 3825 summa
1004 3776 1140 3839 potestate
1158 3785 1216 3822 nou
1236 3770 1370 3823 convenit

435 3865 515 3917 9841:
541 3864 666 3918 laudibus
686 3862 784 3914 erescit
802 3861 863 3912 598:
891 3865 955 3925 post
973 3858 1029 3910 otia
1047 3858 1133 3925 major
1151 3854 1234 3908 2836:
1264 3856 1371 3909 virtute

436 3951 537 4003 ambire
558 3950 637 4001 decet
661 3947 741 3999 Μῦς
772 3961 824 4012 quo
852 3947 954 4011 majore
978 3942 1066 4009 pretio
1085 3951 1165 4007 atque
1185 3943 1370 3995 contentione
1458 3988 1461 3993 .

435 4042 592 4102 comparata
615 4041 658 4086 est
682 4033 784 4098 virtus,
814 4046 846 4083 eo
870 4031 955 4096 magis
982 4029 1060 4095 juvat
1083 4026 1165 4077 1105:
1193 4027 1256 4078 sola
1282 4028 1371 4080 virtus

435 4123 516 4174 vitam
541 4120 712 4187 tranquillam
738 4125 765 4170 et
784 4131 906 4169 securam
925 4112 1015 4166 reddit
1038 4110 1121 4164 2410:
1149 4109 1245 4164 virtuti
1269 4112 1369 4165 melius

435 4223 513 4274 quam
532 4206 659 4259 fortunae
678 4203 800 4256 ereditur
818 4202 898 4254 2850:
923 4197 1089 4253 intaminatis
1107 4196 1262 4250 honoribus
1283 4197 1371 4266 fulget

433 4292 516 4345 2845:
544 4292 636 4358 speeie
655 4290 763 4343 virtutis
783 4303 865 4354 saepe
884 4287 977 4340 vitium
996 4283 1067 4337 fallit
1088 4281 1153 4335 644:
1180 4283 1268 4337 etiam
1290 4284 1370 4339 victis
