2978 5048
732 513 805 575 853.

203 624 269 681 Hoc
289 639 374 695 opus.
398 623 455 679 hoc
477 621 604 677 studium
626 622 711 693 puni
732 637 928 694 properemus
949 630 981 678 et
1002 623 1107 693 umpE,

202 727 235 794 Si
257 727 373 799 patriam
395 726 536 781 uolumus.
561 724 585 780 si
608 725 694 780 nobis
716 727 815 782 sisere
838 726 909 781 reri.
953 725 1028 782 Hor.
1050 724 1112 797 Eun
1144 722 1181 793 i,
1203 721 1286 795 ΒΛ

735 821 808 883 854

203 934 270 991 iioe
291 934 419 1005 putrium
441 940 486 989 est
509 931 609 1002 potius
632 931 841 988 consuefacere
863 932 957 988 filiun

205 1037 265 1094 Suu
286 1044 393 1109 sponte
415 1042 495 1091 reete
516 1033 615 1090 iecere
639 1051 724 1106 quium
745 1037 844 1092 riieuo
866 1044 955 1093 metu
999 1035 1069 1090 Ter.
1091 1034 1155 1091 Ad.
1182 1032 1235 1093 7⁴.

731 1132 805 1193 855.

91 1202 110 1231 ⁹
204 1241 268 1297 Hoc
291 1256 409 1313 quoque
440 1238 566 1297 istorum
594 1250 641 1296 est
672 1241 765 1312 legem
793 1241 964 1312 perdiscere
992 1239 1056 1296 isti.
1101 1239 1203 1299 Iud
1225 1244 1286 1301 Asu

1211 1341 1251 1413 2,
1274 1342 1284 1399 i

453 1549 519 1605 Hoc
541 1563 626 1619 reges
649 1546 758 1604 habeut

203 1651 392 1725 Mngnifieum
415 1662 447 1708 et
467 1652 579 1722 ingens
602 1651 685 1707 nulle
708 1649 787 1722 quod
808 1651 905 1721 rapiet
929 1649 1005 1715 dies,

206 1756 351 1813 Prodesse
373 1756 505 1820 miseris,
527 1754 677 1826 supplices
699 1752 758 1810 fido
783 1753 860 1809 Lare

206 1860 376 1930 Protogene.
400 1887 441 1896 —-
486 1857 553 1914 Sen.
576 1855 655 1914 Med.
680 1850 753 1913 222.

730 1954 803 2016 857.

204 2067 270 2125 Hoc
291 2066 373 2132 solo,
396 2064 440 2121 sic
457 2063 559 2136 jubeo,
582 2063 623 2120 sit
643 2080 698 2136 pro
720 2063 838 2120 ratione
861 2057 1013 2119 voluutas!
1035 2061 1102 2120 Jus.
1127 2062 1286 2135 81162

733 2161 805 2222 858.

205 2273 331 2331 Homine
353 2271 490 2345 imperito
512 2287 661 2343 nunquam
683 2269 843 2344 quidquam
867 2270 1007 2342 injustius
1030 2276 1086 2336 est,

204 2376 271 2447 Qui,
293 2375 351 2431 uisi
373 2373 453 2447 quod
474 2374 538 2446 ipse
560 2374 640 2443 iecit,
662 2374 705 2432 uil
728 2381 840 2431 rectum
862 2380 956 2445 putat.
1000 2373 1068 2430 Ter.
1091 2366 1151 2431 Ae.
1178 2367 1237 2431 98.

733 2469 808 2534 859.

206 2583 360 2641 Hominem
384 2580 513 2653 experiri
535 2581 628 2638 multe
650 2586 810 2652 paupertas
828 2578 923 2652 jubet.
968 2578 1001 2635 P.
1025 2577 1091 2650 Syr.

734 2675 807 2741 860.

453 2786 595 2845 Homines
617 2788 680 2845 nati
703 2787 807 2846 durum
829 2801 930 2858 genus.
954 2813 995 2822 —
1021 2781 1230 2860 virgseorg.
1250 2786 1279 2856 1,

730 2885 806 2948 861.

208 2995 348 3054 Homines
372 2995 422 3068 qui
443 2999 561 3083 gestant
583 2993 692 3068 quique
715 2994 883 3052 auscultent
905 2991 1038 3060 crimina,

208 3098 239 3157 Si
263 3114 328 3157 meo
352 3096 496 3156 arbitratu
519 3096 618 3167 liceat,
642 3113 743 3156 omnes
765 3096 925 3170 pendeant,

207 3201 348 3262 Gestores
370 3200 493 3273 linguis,
517 3200 667 3260 auditores
689 3201 819 3260 auribus.
863 3200 960 3258 Plaut.
984 3196 1093 3256 Pseud
1122 3193 1153 3263 i,
1176 3191 1217 3265 5,
1247 3190 1286 3250 ts

734 3297 808 3364 862.

207 3408 327 3468 Homini
350 3407 462 3478 amico,
486 3407 537 3480 qui
559 3412 605 3466 est
626 3408 736 3466 amicus
759 3408 817 3477 its,
840 3407 884 3464 uti
907 3420 1012 3464 nomeu
1036 3403 1179 3477 possidet,

207 3512 273 3599 Nisi
296 3510 366 3570 deos
388 3511 416 3569 ei
438 3509 480 3569 nil
502 3517 655 3583 praestare
684 3512 821 3571 arbitror.
846 3537 886 3548 -
930 3509 1027 3567 Plsut.
1050 3507 1160 3566 Bacch.
1183 3501 1224 3577 3,
1249 3503 1286 3578 2,

553 3692 557 3701 Ι
733 3610 806 3674 863.

205 3718 325 3778 Homini
348 3716 502 3775 consilium
524 3721 594 3776 tune
616 3717 712 3789 deest,
736 3734 801 3776 oum
823 3718 916 3776 multa
937 3715 1059 3775 invenit.
1103 3715 1137 3772 P.
1162 3713 1232 3787 Syr.

672 3873 675 3880 .
732 3815 805 3881 864.
865 3829 868 3834 ·

453 3923 611 3982 Hominum
642 3930 743 3997 gentes
773 3902 895 3983 inimice
923 3929 1005 3982 sorte
1036 3916 1183 3982 feruutur.
1231 3922 1287 3982 Mu

1054 4028 1174 4086 Astron.
1198 4020 1286 4098 2,6

734 4124 805 4189 865.

453 4235 611 4295 Hominum
632 4236 806 4294 immortalis
830 4242 876 4293 est
897 4233 1033 4305 inismiu;

206 4338 304 4400 Etiam
329 4345 387 4397 tum
411 4339 491 4407 vivit,
514 4358 578 4398 cum
602 4356 666 4397 esse
683 4340 785 4397 eredas
799 4347 950 4396 mortuam.
980 4342 1077 4399 Plaut.
1097 4342 1180 4401 Pers.
1197 4341 1228 4414 3,
1245 4343 1271 4421 1,
