2978 5048
538 335 743 459 „mnam

68 546 206 604 Valetudo
226 545 269 617 [cf.
290 545 402 614 Corpus.
421 546 559 615 Morbus]:
583 546 657 599 bona
681 545 805 599 valetudo
824 560 954 599 summum
977 545 1061 598 habet
1085 546 1204 613 pretium

275 633 355 686 2753:
384 633 507 700 corporis
535 639 563 685 et
584 631 665 684 animi
693 631 764 684 bona
788 631 914 685 valetudo
939 630 1058 698 optanda
1080 637 1123 684 est
1142 630 1202 687 753.

276 717 356 771 1847:
376 718 448 771 bona
466 717 619 771 valetudine
637 717 678 770 uti
698 723 740 770 est
757 719 847 770 vivere
867 715 946 769 1617:
966 717 990 768 is
1008 715 1079 770 bona
1097 717 1202 770 valetu-

277 802 339 856 dine
357 808 451 857 utatur
467 816 581 855 necesse
600 806 656 868 est,
676 802 722 868 qui
741 786 844 854 divitiis'
859 800 913 854 frui
930 800 987 854 vult
1005 801 1082 855 1597.
1107 801 1185 855 2756.
1221 800 1225 807 ’

69 889 138 945 Vas:
157 890 293 942 sincerum
312 890 359 954 sit,
382 903 429 955 ne,
449 886 522 954 qnod
539 884 700 954 infunditur,
719 893 827 941 acescat
844 885 921 940 2471.

69 975 205 1031 Venator:
224 973 308 1026 multa
318 972 487 1027 incommoda
495 970 551 1024 fert
560 972 641 1025 1224:
657 972 888 1039 semperinvcntis
902 972 1034 1025 ulteriora
1045 971 1116 1039 petit
1127 969 1202 1023 2768.
1303 1020 1308 1029 ,

71 1059 226 1115 Venenum:
254 1060 304 1113 sub
333 1060 412 1112 melle
440 1058 597 1124 saepissime
619 1057 688 1111 latet
712 1056 774 1110 928:
803 1059 831 1111 in
856 1073 921 1110 auro
947 1056 1050 1110 bibitur
1067 1056 1148 1109 2340:
1175 1056 1203 1109 in

276 1145 414 1198 blanditiis
433 1144 505 1195 inest
523 1142 580 1194 796.

69 1228 159 1286 Venia
178 1230 221 1298 [cf.
240 1228 423 1296 Humanitas]:
444 1230 490 1296 qui
507 1228 613 1281 veniam
632 1227 743 1295 adipisci
762 1228 828 1296 vult,
846 1228 905 1294 ipse
925 1227 997 1280 illam
1016 1225 1113 1280 det34.
1137 1225 1202 1279 400:

276 1313 418 1366 confitenti
428 1313 517 1366 danda
526 1320 569 1365 est
581 1311 632 1364 899
647 1327 698 1365 nec
715 1328 770 1364 non
789 1313 822 1379 ei,
842 1327 921 1387 quem
934 1313 1037 1379 peccati
1048 1311 1133 1378 pudet
1144 1310 1202 1363 900.

69 1400 178 1456 Ventus
204 1399 247 1468 [cf.
272 1398 416 1466 Fortunal:
446 1397 594 1452 secundum
617 1404 726 1450 ventum
744 1398 832 1450 velum
857 1397 982 1465 dirigitur
1004 1396 1086 1450 2735:
1112 1395 1203 1449 varios

277 1483 390 1537 effectus
408 1484 493 1537 habet
512 1483 584 1536 1741.

68 1568 161 1625 Verba
186 1568 230 1634 [cf.
249 1568 376 1622 Jnctatio.
412 1568 524 1636 Lingua.
560 1567 695 1622 Narratio.
732 1568 834 1621 Sermo.
870 1566 955 1634 Voxlz
985 1566 1068 1619 semel
1095 1581 1130 1619 ex
1155 1579 1203 1619 ore

275 1656 375 1707 emissa
393 1670 529 1722 nunquam
548 1654 663 1708 redeunt
680 1655 738 1708 381.
774 1654 833 1707 591.
872 1652 950 1705 1511:
980 1651 1060 1704 alium
1085 1651 1138 1703 alia
1157 1650 1202 1703 de-

277 1747 340 1794 cent
357 1741 439 1792 verba
457 1740 537 1793 2656:
556 1739 640 1793 verba
658 1738 773 1806 perdere
793 1739 871 1792 facile
891 1737 1023 1790 est1913:
1044 1722 1128 1790 ve'rba
1146 1752 1202 1789 non

276 1832 340 1879 sunt
357 1826 443 1878 virtus
461 1825 545 1878 2849:
574 1824 663 1877 verbis
688 1823 758 1876 mala
775 1824 900 1876 levantur
926 1822 991 1875 528:
1019 1822 1109 1875 verbis
1132 1823 1202 1875 male

276 1912 401 1964 ominatis
419 1925 501 1977 parce
522 1909 650 1962 utendum
670 1917 711 1962 est
726 1909 784 1962 877.
804 1909 888 1962 1206:
910 1908 992 1961 verba
1010 1907 1110 1974 optime
1130 1922 1201 1959 com-

274 2010 377 2062 ponere
396 1995 511 2048 feminae
530 1995 620 2048 sciunt
637 1994 718 2047 2783:
745 2010 813 2061 pura
835 1995 919 2047 verba
942 1994 1002 2047 sola
1020 2006 1127 2045 versum
1146 2008 1201 2045 non

274 2080 396 2133 efficiunt
418 2080 498 2133 1655:
528 2080 630 2132 nullum
657 2079 768 2132 verbum
796 2095 850 2133 non
874 2080 987 2147 estjam
1006 2079 1082 2146 prius
1102 2078 1201 2130 dictum

275 2165 355 2218 1713:
375 2166 458 2218 verba
477 2165 553 2217 irrita
571 2163 629 2217 108.

67 2251 195 2323 Velitne,
215 2251 331 2308 Verum:
353 2265 489 2316 nunquam
508 2252 580 2318 perit
597 2249 678 2302 2791:
704 2265 793 2302 moras
813 2250 870 2302 odit
887 2250 970 2303 2792:
991 2249 1081 2302 odium
1100 2250 1202 2302 excitat

187 2372 189 2377 -
276 2336 356 2391 1030:
381 2337 490 2388 nimium
510 2334 665 2389 altercando
686 2335 816 2388 amittitur
834 2335 913 2388 1563:
947 2335 1016 2388 male
1037 2350 1053 2387 a
1072 2340 1200 2400 corrupto

271 2422 364 2490 judice
383 2422 529 2488 inquiritur
548 2428 629 2489 atque
647 2422 817 2473 examinatur
843 2422 923 2475 1209:
948 2435 1043 2486 magna
1061 2421 1119 2472 veri
1137 2433 1200 2486 pars

274 2522 354 2560 caeco
383 2506 452 2560 latet
474 2505 559 2559 2854:
589 2507 669 2560 etiam
694 2505 814 2560 ridentes
833 2523 926 2560 verum
946 2507 1036 2559 dicere
1055 2519 1200 2573 possumus

273 2591 351 2644 2294.

67 2675 195 2732 Vestitus
221 2675 265 2745 [cf.
286 2675 398 2743 Corpus.
434 2677 541 2730 Forma.
576 2677 736 2742 Munditia]:
765 2677 843 2730 nimis
866 2678 977 2731 vestitui
1000 2691 1109 2743 operam
1136 2675 1200 2729 dare

274 2763 395 2829 ineptum
421 2769 463 2815 est
489 2762 570 2815 2802:
600 2764 714 2816 vestitus
735 2764 936 2830 pulcherrimus
961 2762 1048 2828 turpis
1071 2767 1126 2831 est,
1155 2761 1201 2814 ubi

273 2862 363 2900 mores
382 2854 477 2915 turpes
496 2853 560 2901 sunt
578 2847 653 2900 2092,

66 2932 210 2988 Vetusius:
230 2931 262 2984 ct.
281 2932 429 2986 Senectus?
458 2933 582 3000 Tempus.

66 3016 191 3073 Viciuit:
221 3023 393 3085 aegrotorum
411 3019 567 3085 periculosa
590 3018 671 3071 2240:
697 3019 845 3072 vicinorum
863 3018 986 3084 pericula
1005 3020 1085 3071 etiam
1103 3031 1152 3069 nos
1171 3016 1198 3069 iu

275 3102 418 3156 discrimen
436 3110 533 3156 vocant
552 3103 619 3155 1428
638 3110 666 3157 et
683 3111 788 3158 terrent
809 3103 874 3156 327:
904 3105 975 3157 inter
993 3105 1095 3157 vicinos
1115 3116 1198 3168 saepe

273 3189 396 3240 simultas
415 3188 561 3241 intercedit
579 3189 654 3242 1010.

68 3269 232 3328 Vicissitudo
260 3273 305 3338 [cf.
323 3273 449 3327 Mundus.
486 3273 613 3340 Tempus.
648 3275 734 3342 Vital:
760 3275 876 3327 maxima
902 3274 1002 3342 ubique
1021 3274 1143 3328 locorum
1161 3273 1199 3326 vi·
1240 3308 1243 3314 -

273 3358 403 3412 cissitudo
423 3360 530 3412 exsistit
551 3359 610 3413 337.
653 3359 728 3413 1379,
770 3360 843 3412 1880.
886 3358 959 3414 1704.
1001 3360 1076 3414 1803,
1122 3359 1197 3413 1815.

270 3445 351 3498 228οε
378 3445 487 3498 nonnisi
511 3446 544 3498 iis
568 3445 678 3513 placere
702 3451 809 3512 potest,
832 3445 876 3513 qui
900 3452 993 3499 vetere
1017 3461 1108 3499 rerum
1126 3451 1200 3499 statu

272 3545 328 3583 non
347 3536 411 3584 sunt
428 3531 549 3585 contenti
569 3531 648 3583 1390:
669 3530 794 3582 divitibus
814 3536 890 3597 grata
909 3537 937 3584 et
955 3537 1070 3599 accepta
1088 3530 1162 3584 1988.

64 3613 153 3670 Victi:
173 3616 254 3668 etiam
273 3614 351 3668 victis
370 3615 514 3684 aliquando
534 3617 618 3669 virtus
637 3615 708 3668 redit
726 3615 802 3669 2236.

64 3697 175 3755 Victor:
202 3701 297 3754 victori
317 3702 407 3755 omnia
425 3701 515 3755 facere
533 3702 599 3754 licet
616 3700 695 3754 2208;
723 3716 738 3752 a
756 3702 825 3754 victo
844 3701 980 3754 interdum
998 3702 1115 3755 vincitur
1133 3700 1196 3755 322:

270 3787 381 3840 victoris
395 3788 538 3841 clementia
557 3794 585 3841 et
603 3787 755 3839 humanitas
774 3801 856 3853 saepe
875 3787 942 3841 utile
961 3789 1030 3842 vinci
1039 3786 1104 3841 facit
1115 3787 1196 3840 2317:

270 3871 315 3938 qui
334 3872 385 3925 sibi
405 3874 463 3941 ipse
482 3879 617 3941 temperat
634 3872 735 3939 victor,
754 3871 795 3924 bis
814 3872 898 3925 vincit
917 3871 974 3926 183.

64 3954 202 4011 Victoria:
223 3955 344 4011 cedendo
364 3972 445 4025 saepe
464 3964 621 4025 reportatur
637 3957 701 4010 235:
721 3957 754 4010 ab
773 3957 852 4011 hoste
871 3960 974 4027 majora
993 3965 1133 4026 reportata
1142 3972 1198 4010 ma·

267 4043 358 4111 jorem
376 4032 460 4097 habet
477 4044 590 4112 gloriam
608 4043 671 4096 234:
691 4043 764 4097 bona
782 4058 866 4097 causa
884 4043 993 4097 adducit
1011 4059 1076 4113 nos,
1095 4049 1125 4096 ut
1143 4044 1196 4096 vic-

267 4128 365 4182 toriam
383 4143 524 4196 speremus
543 4129 602 4182 226.

62 4210 192 4268 Vindicta
211 4212 254 4281 [cf.
274 4215 386 4283 Injuria.
422 4214 537 4282 Poenal:
554 4215 752 4283 jucundissima
770 4221 812 4268 cst
829 4214 894 4269 127:
924 4214 1044 4269 dolorem
1064 4214 1197 4267 imminuit

268 4299 350 4354 1273:
378 4300 446 4353 levis
465 4305 508 4352 est
524 4299 656 4367 vindicta,
684 4315 762 4368 quam
787 4316 873 4369 purae
891 4314 987 4353 manus
1005 4299 1097 4354 ferunt
1114 4298 1196 4353 2830:

112 4400 239 4452 Frommelt,
253 4402 402 4451 Florilegium
415 4403 525 4442 Latinum.
952 4408 989 4468 18
