2978 5048
634 367 640 384 ·
660 340 701 402 63

578 423 590 433 -l
597 421 679 437 &sssum
694 426 701 436 t
707 424 784 440 vwsx,

642 533 712 597 813.

102 637 241 696 Hectora
263 641 330 713 quis
353 649 470 713 nosset,
495 641 565 700 felix
586 644 611 700 si
636 644 726 715 TroJa
747 641 873 702 fuisset?
904 643 955 703 Ov.
980 645 1069 705 Trist.
1094 642 1124 716 4,
1149 642 1177 716 3,
1196 644 1246 704 75.

639 756 711 823 818.

100 863 162 920 Hei
187 863 276 933 mihi,
301 862 421 922 difficile
445 871 490 922 est
511 865 621 924 imitari
646 867 754 939 gaudia
777 866 867 925 falsa!

192 965 323 1024 Difficile
346 973 392 1024 est
413 968 494 1026 tristi
516 967 626 1041 fingere
650 977 748 1029 mente
770 973 880 1044 jocum·

99 1069 168 1126 Nec
193 1068 269 1127 bene
292 1072 427 1129 mendaci
449 1074 526 1129 risus
549 1075 737 1144 componitur
760 1093 822 1146 ore,
931 1056 933 1063 ¹

192 1177 258 1233 Nec
280 1175 356 1233 bene
379 1176 516 1234 sollicitis
541 1175 625 1234 ebria
646 1179 736 1237 ‘verba
758 1184 874 1237 sonent.
894 1176 976 1249 ‚Tio
998 1179 1080 1250 Eleg.
1099 1173 1128 1250 3,
1142 1175 1171 1250 6,
1189 1175 1240 1240 33.

637 1293 708 1356 819.

99 1401 160 1459 Hei
183 1400 268 1466 mihi,
293 1415 379 1472 quam
395 1417 506 1472 pancos
523 1401 597 1459 haec
608 1418 674 1459 mea
687 1401 767 1459 dicta
781 1409 913 1461 movent!
938 1397 993 1462 Ov.
1007 1405 1096 1462 Trist.
1110 1400 1136 1475 1,
1147 1390 1177 1474 8,
1191 1398 1241 1461 36.

635 1516 707 1579 820.

10 1616 15 1653 ³
110 1623 165 1682 Hei
188 1622 282 1694 mihi,
314 1623 393 1696 quod
421 1626 511 1683 nullis
534 1641 617 1683 amor
647 1632 691 1683 est
719 1625 902 1685 medicabilis
933 1628 1046 1686 herbis!
1091 1627 1143 1688 Ov.
1167 1629 1242 1688 Met.

1107 1729 1139 1804 l,
1168 1727 1240 1790 523.

38 1916 41 1921 Ι
635 1842 706 1906 821.

41 2000 45 2005 .
96 1951 232 2010 Heredis
254 1950 341 2010 fletus
364 1951 417 2009 sub
440 1967 569 2024 persona
590 1951 670 2009 risus
693 1956 747 2009 est.
793 1954 825 2010 P.
851 1953 921 2026 Syr.

636 2066 707 2130 822.

352 2178 438 2246 Heu,¹
457 2177 606 2247 Fortuna,
632 2178 698 2250 quis
721 2181 766 2233 est
788 2178 939 2235 crudelior
960 2163 991 2236 in
1015 2197 1069 2238 nos

52 2340 57 2345 .
89 2284 134 2343 Te
161 2282 262 2341 deus?
291 2280 332 2338 Ut
353 2297 470 2354 semper
492 2280 603 2352 gaudes
625 2281 751 2338 illudere
773 2282 864 2339 rebus

85 2386 264 2446 Humanis!
291 2414 327 2425 --
373 2384 446 2442 Hor.
471 2383 531 2441 Sat.
555 2379 590 2451 2,
616 2375 652 2453 8,
677 2377 729 2441 61.

10 2574 12 2578 ,
289 2550 292 2556 .
634 2499 706 2562 823.

76 2613 173 2682 Heu,
204 2609 283 2678 heu,
307 2607 446 2667 divitibus
468 2607 554 2666 video
578 2608 706 2678 gaudere
729 2609 861 2680 puellas!
893 2608 957 2668 Tib.
979 2608 1075 2682 Elcg..
1097 2606 1125 2685 2,
1141 2607 1170 2682 3,
1185 2607 1236 2688 40.

633 2722 704 2784 824.

70 2837 150 2896 Heu
180 2835 261 2892 loca
281 2831 363 2891 felici
385 2847 444 2890 non
468 2831 605 2890 adeunda
627 2833 701 2890 viro.
747 2832 799 2892 Ov.
823 2834 911 2892 Trist.
936 2829 971 2905 3,
998 2831 1052 2903 10,
1077 2829 1144 2907 70.Ι

631 2946 703 3008 825.

57 3066 145 3124 Heu
175 3058 297 3117 melior
320 3063 430 3130 quanto
453 3074 517 3115 sors
540 3062 591 3115 tua
613 3063 694 3114 sorte
716 3063 797 3115 mea!
843 3057 895 3118 Ov.
920 3060 1001 3120 Fast.
1026 3057 1064 3130 4,
1090 3055 1161 3118 520.

632 3173 706 3238 826,
735 3175 742 3185 “

49 3292 143 3351 Heu
177 3283 267 3342 nihil
289 3281 390 3340 invitis
412 3281 456 3341 fas
481 3298 656 3356 quemquam
678 3281 776 3341 facere
795 3284 890 3343 'divisi
921 3284 1001 3356 Virg.
1025 3284 1100 3342 Aen.
1115 3278 1145 3354 2,
1161 3277 1235 3341 402.

632 3394 706 3462 827.
812 3474 817 3483 .

48 3519 142 3579 Heu
175 3507 292 3587 patior
312 3505 379 3564 telis
401 3508 526 3565 vulnera
546 3505 626 3564 iacta
648 3507 736 3564 meis!
782 3508 840 3584 Ov.
858 3508 931 3567 Her.
956 3503 991 3579 2,
1016 3503 1065 3566 48.
1175 3504 1178 3509 '

633 3622 705 3686 828.

48 3747 143 3807 Heu
186 3751 283 3810 quam
317 3730 436 3791 difficile
468 3737 513 3790 est
541 3733 652 3791 crimen
683 3748 741 3789 non
770 3732 897 3804 prodere
926 3736 1022 3792 vultu!
1076 3733 1128 3793 Ov.
1159 3733 1232 3794 Met.

1100 3833 1138 3907 2,
1162 3833 1235 3896 444.

627 3935 703 4000 820.

46 4060 142 4120 Heu
180 4063 276 4123 quam
300 4050 346 4104 est
368 4046 527 4115 timendus,
552 4045 601 4118 qui
618 4043 700 4111 mori
724 4049 817 4102 tutum
841 4049 940 4117 putat!
985 4046 1018 4107 Ρ,
1043 4046 1108 4120 Syr,
1132 4079 1136 4090 .

633 4158 705 4225 830.

345 4271 412 4330 Heu
435 4278 576 4347 quantum
598 4278 711 4331 mentes
737 4272 906 4331 dominatur
929 4273 960 4330 in
984 4288 1094 4346 aequas

48 4387 176 4450 Justa
200 4375 321 4434 Venus!
344 4367 392 4413 -'
429 4377 541 4442 Lucan.
564 4378 669 4435 Phara.
695 4373 729 4448 5,
755 4372 825 4437 727.
