2978 5048
638 338 843 445 Qu

180 529 328 600 Parentes,
346 526 430 585 rator
448 525 490 596 [cf.
508 525 651 582 Educatio.
674 527 793 600 Liberi]:
810 528 968 599 parentibus
986 528 1066 585 liberi
1084 529 1243 600 obsequium
1261 528 1307 584 de·

384 616 451 670 bcnt
468 615 534 670 625:
562 616 650 684 magni
669 615 766 686 refert,
793 618 887 687 quales
906 619 1037 687 cujusque
1060 624 1188 685 parentes
1207 616 1308 672 fuerint

382 701 441 756 469.
463 701 542 756 ,723τ
565 709 708 770 parentum
727 704 814 772 gratia
831 705 858 758 in
877 704 978 759 liberos
996 705 1096 759 transit
1112 703 1175 757 989:
1199 705 1307 760 nonnisi
1404 719 1406 726 ·

381 789 463 857 probi
479 795 609 857 parentes
627 788 729 842 liberos
748 791 829 844 etiam
852 791 996 859 probiores
1015 807 1075 847 esse
1101 791 1172 845 velle
1190 797 1307 860 possunt

382 875 462 930 1978:
481 879 661 930 consuescant
679 882 808 942 parentes
826 874 930 932 libero's
948 893 999 933 sua
1016 882 1113 946 sponte
1129 879 1220 946 potius
1231 882 1306 932 recte

381 962 471 1016 iacere
490 976 570 1030 quam
588 966 662 1014 metu
679 960 739 1015 854.
762 961 844 1017 200οε
868 963 953 1033 iniqui
970 980 1052 1034 saepe
1070 963 1098 1019 in
1117 962 1306 1020 adolescentes

377 1049 486 1119 judices
504 1052 567 1102 sunt
584 1053 677 1116 patres
695 1047 771 1103 2029.

177 1138 261 1195 Pars:
278 1141 393 1206 utraque
412 1135 546 1213 audienda
564 1140 607 1188 est
624 1132 700 1188 2194.

176 1223 348 1283 Parsimonia
371 1221 413 1292 [cf.
438 1221 599 1291 Fmgalitas.
635 1219 853 1288 Temperantia:
877 1235 946 1289 opus
965 1227 1021 1290 cst,
1045 1236 1079 1276 ne
1097 1236 1141 1276 res
1158 1221 1306 1279 familiares

384 1308 519 1363 dilabatur
536 1306 594 1371 334.
632 1307 706 1371 1460.

177 1399 297 1468 Parvus,
316 1398 437 1455 Parvum
456 1395 498 1464 [cf.
516 1393 719 1462 Mediocritas]:
742 1407 855 1460 parvum
879 1407 963 1461 parva
987 1393 1086 1448 decent
1113 1393 1194 1448 1881:
1218 1411 1303 1464 parvo

380 1482 451 1536 bene
474 1480 572 1534 vivitur
593 1479 677 1533 2874:
705 1493 789 1547 parva
814 1494 896 1547 saepe
921 1494 1017 1551 magna
1040 1479 1162 1534 efficiunt
1185 1481 1209 1535 5.
1246 1481 1304 1536 196.

380 1567 439 1623 684.
476 1567 533 1621 792.
571 1565 647 1619 1636.
684 1565 760 1619 1878.
797 1565 872 1619 1911.
909 1564 985 1620 1962.
1022 1565 1099 1620 2105.
1125 1565 1203 1621 2123.
1227 1567 1303 1621 2151.

174 1658 269 1716 Pater:
293 1656 326 1712 ci
343 1655 483 1709 Parentes.

174 1742 330 1801 Patientia:
349 1743 381 1797 cf.
401 1738 565 1795 Constantia.

175 1828 270 1887 Patria
289 1829 331 1898 [cf.
349 1827 468 1905 Regnal:
493 1840 584 1881 amore
607 1823 712 1892 patriae
731 1823 798 1877 nihil
816 1823 951 1878 valentius
970 1829 1012 1878 est
1036 1824 1077 1879 66.
1114 1822 1198 1880 1509:
1225 1825 1304 1880 dulce

380 1913 468 1968 estin
486 1911 575 1980 patria
593 1911 684 1965 vivere
702 1924 784 1978 posse
810 1910 877 1965 532:
903 1911 1019 1979 patriam
1043 1904 1161 1980 perdere
1179 1913 1305 1981 gravissi-

381 2016 452 2054 mum
473 2004 515 2052 est
538 1997 618 2050 1912:
642 1996 711 2051 mori
728 2012 779 2064 pro
798 1999 888 2065 patria
906 2013 1009 2052 summa
1032 1998 1092 2053 laus
1110 1999 1175 2052 478:
1200 2001 1304 2068 patriae

379 2086 511 2154 prodesse
531 2083 719 2137 suavissimum
738 2089 781 2138 est
806 2083 888 2138 2094:
912 2082 1001 2139 bonos
1022 2085 1129 2153 patriae
1148 2086 1220 2139 cives
1239 2087 1304 2142 edu·

378 2186 441 2227 care
461 2177 542 2239 atque
570 2171 713 2224 instituere
738 2186 862 2238 magnum
893 2176 935 2224 est
960 2170 1023 2224 788:
1050 2172 1160 2239 scriptis
1190 2173 1304 2240 patriam

379 2257 519 2313 celebrare
538 2257 599 2325 pius
617 2256 696 2311 labor
714 2261 757 2310 est
780 2256 846 2310 58οε
870 2255 989 2311 fortibus
1013 2271 1091 2311 omne
1110 2258 1198 2312 solum
1216 2259 1305 2327 patria

380 2347 423 2398 est
441 2343 522 2397 1791:
546 2343 592 2397 ubi
610 2341 694 2411 bene,
712 2342 750 2396 ibi
768 2343 858 2411 patria
875 2342 959 2397 1883:
982 2343 1097 2412 patriam
1115 2345 1194 2399 multi
1211 2345 1303 2415 prodi·

381 2429 487 2496 derunt,
506 2434 538 2483 ut
554 2429 637 2484 vitam
655 2434 799 2483 servarent
817 2427 893 2484 1393.
1267 2423 1270 2429 ’

172 2513 388 2573 Patrimonium:
407 2515 439 2570 cf.
457 2516 541 2570 Bona.

173 2600 364 2659 Patrocinium
383 2602 425 2670 [ci.
443 2602 605 2670 Auxiliuml:
623 2601 719 2654 malam
738 2595 846 2655 causam
864 2599 954 2654 reddit
972 2601 1094 2669 pejorem
1111 2599 1170 2654 227.

173 2689 315 2762 Parparos
335 2689 378 2758 [ct.
396 2688 513 2757 Miseri]:
530 2688 630 2755 ubique
646 2687 740 2756 jacent
758 2685 832 2739 1132.
871 2686 950 2740 1895:
978 2686 1066 2739 multa
1080 2686 1245 2754 pauperibus
1263 2687 1302 2740 ie-

377 2775 463 2829 renda
480 2780 508 2828 et
526 2772 694 2840 experienda
711 2777 775 2826 sunt
798 2768 874 2826 859.'
896 2770 970 2826 1188.
1005 2771 1088 2825 263οε
1117 2771 1304 2840 despiciuntur

377 2861 459 2915 1048:
478 2860 553 2914 nulla
570 2858 737 2927 pauperibus
755 2856 824 2911 fides
844 2856 920 2912 1691.
940 2858 1021 2913 1694:
1040 2858 1119 2912 amici
1135 2859 1303 2926 pauperibus

376 2947 474 3001 desunt
498 2946 580 3000 1718:
605 2944 773 3013 pauperibus
800 2944 925 2998 facundia
950 2959 1012 2997 rara
1034 2943 1116 2998 2254:
1144 2960 1198 2998 non
1222 2945 1302 3001 facile

377 3037 518 3101 emergunt
535 3031 601 3085 808:
629 3047 688 3085 curn
715 3030 842 3085 divitibus
861 3030 1027 3084 contendere
1046 3046 1100 3084 non
1119 3037 1234 3099 possunt
1252 3031 1303 3086 633

376 3134 464 3186 neque
489 3118 551 3171 illos
576 3118 677 3172 imitari
706 3117 769 3171 985:
797 3115 830 3170 ad
858 3116 953 3171 divites
979 3115 1109 3177 accedere
1136 3119 1303 3186 pauperibus

377 3204 491 3273 prodest
516 3203 601 3258 1404:
633 3219 700 3273 opes
728 3204 843 3272 adipisci
862 3208 1001 3272 nequeunt
1018 3202 1084 3256 352:
1111 3203 1202 3258 miseri
1232 3211 1303 3274 sunt,

380 3291 479 3359 quippe
499 3289 597 3358 quibus
617 3304 725 3357 semper
743 3290 916 3358 pugnandum
934 3291 984 3359 sit,
1011 3294 1043 3342 ut
1064 3290 1146 3343 vitam
1164 3290 1302 3358 prolatare

377 3377 487 3444 possint
509 3374 591 3429 1286:
622 3376 765 3429 miserrimi
791 3381 855 3430 sunt
873 3375 892 3429 ii
910 3391 1060 3444 pauperes,
1089 3376 1186 3444 quibus
1212 3392 1302 3446 neque

379 3468 508 3530 quaestus
540 3467 582 3516 est
608 3477 696 3530 neque
723 3476 768 3515 ars
794 3461 851 3515 ulla
876 3461 959 3516 1822:
988 3462 1108 3531 quamvis
1133 3462 1302 3531 principatus

377 3548 542 3616 reipublicae
573 3553 706 3618 mutetur,
733 3563 869 3616 pauperes
894 3547 960 3601 nihil
989 3563 1097 3617 semper
1123 3547 1175 3601 nisi
1204 3562 1302 3603 comen

378 3635 510 3704 principis
528 3640 686 3701 permutant
703 3633 766 3687 988:
790 3649 928 3702 nunquam
945 3634 1060 3702 penuria
1077 3634 1203 3688 laborant
1223 3633 1301 3689 1615:

377 3723 465 3776 minus
485 3737 563 3789 quam
589 3721 684 3775 divites
712 3725 794 3788 egent
823 3719 902 3774 1609:
932 3736 995 3775 raro
1027 3719 1131 3774 scelera
1158 3720 1302 3776 admittunt

375 3807 459 3861 234οε
477 3813 590 3876 pectore
610 3821 759 3875 somnoque
778 3821 875 3860 securo
894 3812 1007 3861 utuntur
1024 3805 1083 3861 245.
1122 3806 1201 3861 1902:
1219 3808 1301 3862 male-

377 3893 455 3947 dictis
469 3893 623 3947 abstineant
636 3891 718 3946 263οε
736 3897 858 3961 caueant,
880 3908 915 3947 ne
934 3892 1045 3946 divitum
1063 3892 1202 3948 blanditiis
1220 3893 1301 3950 fidem

378 3980 498 4034 habeant
516 3978 596 4031 149οε
615 3978 744 4032 celeriter
761 3979 927 4047 pauperibus
946 3994 1106 4033 succurrere
1125 3985 1168 4034 est
1185 3980 1227 4035 bis
1240 3995 1300 4036 suc-

376 4081 485 4120 currere
501 4064 566 4118 984:
583 4065 714 4118 memoria
732 4080 823 4120 earum
834 4081 933 4129 rerum,
952 4081 1018 4134 quas
1032 4065 1100 4120 'ante
1114 4066 1300 4137 possidebant,

374 4152 527 4206 vehementi
545 4166 681 4220 pauperes
700 4151 809 4206 afficere
833 4167 959 4207 macrore
988 4151 1060 4206 solet
1077 4151 1158 4205 1294:
1185 4168 1239 4207 non
1259 4160 1301 4208 est

379 4253 498 4308 pauper,
523 4239 570 4307 qui
592 4253 685 4306 pauca·
695 4239 833 4307 possidet,
861 4236 1004 4293 dummodo
1022 4238 1095 4292 bona
1112 4242 1206 4292 utatur
1227 4239 1300 4294 vale·

376 4324 470 4380 tudine
492 4324 575 4380 1892:
601 4339 706 4393 pauper
726 4329 754 4378 et
778 4326 802 4380 is
827 4331 884 4394 est,
911 4326 958 4394 qui
982 4323 1081 4378 divitiis
1105 4328 1225 4381 autnon
1242 4326 1300 4383 vult
