2978 5048
175 653 246 726 Ipsa
274 653 337 711 dies
367 653 543 727 quandoque
567 669 690 725 parens,
725 652 900 726 quandoque
929 667 1065 711 noverca.
1112 654 1314 714 01111114.

962 749 1017 826 17,
1041 751 1079 811 12
1104 757 1131 825 [e
1154 756 1313 830 graeoo'].

694 874 786 936 1040.

176 982 247 1055 Ipsa
268 982 354 1039 etiam
380 980 499 1038 veniens
523 987 676 1040 consumet
699 998 771 1040 saxa
793 987 935 1049 vetustas,

261 1084 302 1142 Et
323 1084 434 1141 nullum
457 1088 513 1154 est,
538 1085 617 1156 quod
639 1101 698 1144 uon
721 1084 850 1156 tempori
873 1084 966 1153 cedat,
991 1100 1076 1157 opus.
1116 1082 1208 1144 Gora.
1235 1085 1313 1183 Gall.

1009 1188 1044 1254 (l)
1066 1188 1150 1260 Eleg.
1178 1185 1212 1258 1,
1239 1183 1314 1248 273.

696 1302 789 1368 1041.

425 1408 495 1481 Ipsa
516 1414 650 1482 potestas

262 1513 382 1571 Semina
403 1514 555 1586 nequitiae
578 1514 764 1586 languidiora
788 1514 867 1573 lauit.
914 1512 967 1571 01.
990 1511 1055 1571 Am.
1078 1508 1113 1585 3,,
1139 1511 1169 1584 4,
1193 1509 1228 1571 9.

696 1627 788 1694 1042.

426 1737 554 1811 Ipsaque
575 1739 664 1797 tellus

179 1841 285 1905 Omnia
307 1840 429 1898 liberius
452 1842 533 1898 nullo
557 1848 700 1913 poscente
723 1842 844 1901 ferebat.
890 1841 971 1912 virg.
995 1840 1101 1913 Georg.
1129 1837 1163 1914 l,
1197 1838 1275 1904 127.
1353 1872 1356 1877 ·

697 1957 787 2019 1043.

180 2068 251 2140 Ipsa
274 2065 393 2139 quidem
417 2066 509 2124 virtus
532 2066 661 2139 pretium
679 2064 745 2125 sibi.
761 2093 797 2104 -
824 2063 927 2124 Claud.
940 2061 1027 2122 Cous.
1045 2063 1135 2122 Mani.
1153 2065 1274 2126 Theod.
1295 2065 1321 2126 l.

699 2181 790 2246 1044.

179 2274 249 2362 Ipsa
272 2287 388 2362 quidem
412 2291 504 2348 virtus
527 2292 646 2350 sibimet
667 2290 869 2362 pulcherrima
891 2305 1017 2358 meroes3

180 2391 275 2449 Dulce
298 2398 394 2449 tamen
420 2395 501 2451 111111
523 2394 560 2451 ad
582 2409 699 2463 manes,
724 2410 787 2451 oum
812 2395 908 2466 gratia
931 2394 1007 2451 vitae

180 2494 277 2553 Durat
306 2495 384 2568 apud
413 2512 537 2568 superos
567 2513 621 2555 neo
644 2497 736 2555 edunt
765 2497 873 2555 oblivia
895 2497 1021 2556 laudem.
1067 2496 1119 2554 Sil.
1143 2494 1213 2553 Ital.
1241 2496 1320 2557 Pau.

1160 2594 1217 2669 13,
1242 2594 1321 2659 663.

699 2714 789 2780 1045.

182 2823 250 2896 Ipse
274 2821 358 2883 dedit
380 2821 495 2894 cupidis
519 2822 622 2882 fallere
645 2839 733 2896 posse
756 2824 838 2884 deus.
884 2823 948 2883 Tib.
971 2823 1055 2895 Eleg.
1083 2819 1115 2891 1,
1140 2817 1175 2892 8,
1201 2818 1258 2882 56.

701 2939 792 3004 1046.

181 3048 249 3121 lpse
274 3047 346 3106 deus
370 3063 472 3105 somno
496 3046 623 3105 domitos
646 3048 780 3106 1111111111
802 3063 904 3106 vocem

268 3151 364 3209 Jussit
386 3157 415 3207 11
437 3151 546 3208 invitos
570 3149 648 3209 facta
670 3151 797 3224 tegenda
819 3152 911 3225 loqui.
957 3150 1021 3209 Tib.
1045 3150 1129 3224 Eleg.
1158 3148 1183 3219 l,
1209 3146 1241 3222 9,
1266 3147 1329 3213 27.

704 3267 795 3331 1047.
1135 3319 1138 3325 ·
1151 3322 1156 3333 .

182 3375 250 3447 lpse
268 3374 355 3446 jubet
376 3373 480 3431 mortis
503 3380 532 3432 te
554 3375 721 3434 meminisse
746 3375 826 3432 deus.
871 3373 960 3435 Mart.
984 3366 1087 3449 Epigr.
1112 3368 1151 3445 2,
1174 3369 1235 3446 59,
1260 3371 1291 3436 4.

702 3488 793 3554 1048.

185 3597 253 3670 Ipse
276 3598 346 3655 licet
369 3597 464 3655 Musis
487 3599 588 3657 venias
612 3600 785 3669 comitatus,
808 3600 952 3657 Homero:

271 3701 301 3758 Si
325 3702 399 3759 nihil
422 3703 572 3772 attuleris,
596 3703 670 3773 ibis,
693 3705 832 3773 Homero,
856 3702 945 3761 foras.
992 3701 1045 3762 01.
1068 3701 1102 3760 A.
1126 3702 1162 3761 A.
1186 3697 1220 3774 2,
1246 3701 1324 3766 270.

704 3819 794 3883 1049.

184 3925 252 3997 Ipse
276 3940 371 3982 seram
395 3931 513 3983 teneras
536 3931 650 3984 maturo
673 3933 807 4001 tompore
830 3927 903 3984 vites

271 4027 410 4086 Rusticus
433 4034 463 4086 11
485 4029 564 4087 111111
588 4031 712 4102 grandia
733 4047 821 4104 poma
843 4047 941 4088 manu.
984 4031 1049 4089 Tib.
1072 4030 1155 4102 Eleg.
1181 4028 1210 4100 1,
1240 4029 1269 4105 1,
1294 4028 1325 4092 7.

255 4378 279 4447 *1
293 4376 396 4432 ”Allan
412 4379 527 4454 μητρυιὴ
544 4385 616 4434 aila
634 4379 735 4455 ἡμέρη,
756 4384 847 4438 ἅὶὶθῖὲ
865 4383 959 4458 diste·
