2978 5048
711 358 770 420 156

637 442 841 459 *imma

689 548 781 613 2002.

176 656 334 715 Pulchrum
360 661 496 715 ornatum
519 661 620 730 turpes
644 673 740 716 mores
763 658 846 731 peJ'us
870 672 962 714 coeno
986 657 1144 715 collinunt:

161 759 283 833 ‘Lepidi
304 775 401 818 mores
425 765 540 833 turpem
563 767 700 820 ornatum
731 759 817 819 facile
847 758 932 818 iactis
961 759 1165 833 comprobant.
1213 759 1313 817 Plani.

1019 863 1111 920 Poen.
1138 857 1172 931 1,
1198 857 1237 932 2,
1261 856 1314 922 93.

690 961 783 1025 2003.

176 1069 276 1127 Pulvis
300 1073 330 1127 et
352 1069 455 1127 umbra
477 1085 585 1126 sumus.
611 1098 649 1106 -
694 1069 766 1127 Hor.
791 1070 844 1129 0d.
869 1066 904 1140 4,
928 1065 962 1138 7,
991 1063 1036 1127 16.

693 1167 787 1233 2004.

175 1274 269 1334 Purus
292 1274 379 1346 deuS,
403 1291 461 1333 non
485 1277 588 1348 plenas
612 1275 740 1348 adspicit
761 1292 874 1335 manus.
919 1277 952 1334 P.
977 1276 1043 1350 Syr.

691 1374 784 1438 2005.

425 1483 563 1556 Purpura
584 1482 686 1541 vendit

176 1581 373 1646 Causidicum.
397 1615 439 1626 -
483 1586 549 1645 Juv.
574 1585 634 1644 Sat.
661 1580 693 1653 7,
720 1580 787 1643 135.

689 1991 781 2053 2006.

175 2096 424 2173 Quadrupedante
447 2103 564 2172 putrem
588 2099 686 2158 sonitu
711 2100 808 2175 quatit
831 2101 941 2173 ungula
965 2115 1108 2172 campum.
1131 2097 1220 2168 Virg.
1239 2098 1311 2158 Aen.

1173 2196 1214 2276 8,
1242 2199 1311 2264 596.

693 2300 786 2362 2007.

177 2408 258 2480 Quae
282 2412 363 2467 caret
385 2425 439 2467 ora
461 2424 566 2467 cruore
590 2413 713 2467 nostro?
756 2409 829 2466 Hor.
854 2407 908 2468 Od.
932 2403 967 2480 2,
994 2404 1025 2479 1,
1049 2402 1100 2466 36.

693 2507 786 2569 2008.

177 2615 256 2687 Quae
280 2615 400 2688 culpare
422 2616 514 2686 soles,
541 2631 577 2673 ea
598 2620 629 2673 tu
653 2631 691 2674 ne
713 2615 818 2674 feceris
840 2615 919 2689 ipse:

176 2718 275 2791 Turpe
297 2723 342 2777 est
364 2717 495 2788 ductori,
519 2735 584 2776 cum
609 2719 697 2791 culpa
719 2718 872 2791 redarguit
893 2719 1000 2792 ipsum.
1032 2716 1095 2776 Oai.
1112 2718 1192 2777 Dist.
1215 2717 1244 2792 1,
1264 2713 1310 2776 30.
1346 2760 1349 2829 A

694 2814 788 2880 2009.

427 2923 625 2998 Quaecunque
647 2924 818 3002 Aqheronte
840 2924 986 2999 profundo

177 3024 302 3085 Prodita
325 3030 394 3084 sunt
424 3043 506 3097 esse,
538 3028 569 3085 in
597 3027 659 3086 vita
688 3033 757 3085 sunt
786 3029 884 3086 omnia
913 3028 1008 3088 nobis.
1052 3028 1171 3087 Lucret.
1204 3029 1242 3087 R.
1274 3028 1310 3087 N.
1346 3004 1349 3019 ¹

1172 3122 1212 3199 3,
1238 3123 1311 3187 978.

690 3228 785 3293 2010.
1250 3242 1253 3248 ’

425 3336 622 3408 Quaecunque
645 3338 736 3408 magis
760 3355 823 3394 cum
840 3337 972 3409 pondere
996 3352 1099 3407 magno
1347 3400 1349 3405 ,

175 3437 348 3512 Asperaque
371 3438 577 3509 inveniuntur,
608 3455 644 3497 eo
668 3433 800 3498 stabilita
822 3439 914 3511 magis
945 3445 1022 3498 sunt.
1067 3439 1188 3498 Lucret.
1214 3439 1251 3498 R.
1274 3439 1310 3499 N.

1173 3537 1213 3615 3,
1239 3537 1311 3600 200.

687 3639 781 3705 2011.

424 3748 505 3820 Quae
528 3747 583 3806 luit
605 3748 709 3807 dururn
732 3749 805 3822 pati,

175 3851 346 3910 Meminisse
370 3851 453 3910 dulce
477 3856 531 3910 est.
556 3881 597 3890 -
642 3852 710 3911 Sen.
734 3853 821 3911 Herc.
846 3853 916 3910 Fur.
941 3848 1012 3911 656.

689 3948 800 4013 2012.’

176 4057 331 4130 Quaelibet
352 4057 437 4116 iratis
459 4056 523 4131 ipse
546 4057 597 4116 dat
619 4075 701 4117 arma
723 4058 817 4118 dolor.
863 4059 914 4117 0v.
938 4059 1009 4117 Her.
1034 4053 1070 4127 6,
1098 4052 1169 4117 140.

689 4156 781 4219 2013.

176 4264 258 4336 Quae
281 4264 353 4322 mihi
376 4264 573 4338 praestiteris,
596 4266 716 4323 memini
735 4274 915 4338 ‘semperque
940 4264 1055 4323 tenebo.
1086 4264 1180 4324 Mart.
1206 4267 1311 4341 Epigr.

1132 4363 1169 4438 5,
1196 4364 1258 4441 52,
1285 4366 1310 4429 l.
