2978 5048
737 431 904 446 ΜΓ-Λΐιΐυν·
908 431 941 445 Ν

792 539 883 601 1373.
972 594 974 598 .

277 646 433 706 Mutantur
455 650 507 708 sed
529 656 637 709 cuncta
659 650 709 708 diu
731 650 906 722 variantque
933 665 988 721 per
1011 663 1112 706 annos.
1157 647 1260 706 Manil.
1284 647 1411 705 Astron.

1269 745 1309 821 4,
1335 745 1410 811 823.
1488 758 1489 783 ¹

791 867 882 932 1380.

277 976 376 1034 Mutat
398 977 474 1034 enim
498 976 598 1034 mundi
621 984 755 1034 naturam
778 977 868 1034 totius
892 981 985 1047 aetam

276 1079 323 1136 Ex
346 1080 464 1152 alioque
489 1081 563 1138 alius
587 1085 681 1138 status
704 1081 841 1152 excipere
865 1081 963 1137 omnia
985 1078 1080 1148 debet,

277 1184 340 1240 Nec
362 1189 461 1241 mouet
484 1184 544 1241 ulla
567 1184 612 1241 sui
635 1184 739 1241 similis
762 1200 825 1241 res:
850 1182 949 1240 omnic
971 1183 1105 1253 migrant,

276 1286 382 1345 Omnia
404 1293 564 1345 commutat
585 1293 692 1345 natura
715 1292 744 1345 et
763 1292 879 1344 vertere
903 1286 990 1358 cogit.
1026 1286 1144 1343 Lucret.
1170 1286 1204 1344 R.
1229 1286 1265 1343 Ν.
1281 1282 1315 1358 5,
1334 1279 1411 1346 828.

794 1401 883 1464 1381.

274 1508 438 1585 Mutuaque
460 1512 540 1568 inter
561 1526 592 1569 se
615 1511 684 1569 laeti
708 1511 843 1569 convivia
865 1515 979 1567 curant.
1031 1509 1112 1581 Virg.
1136 1507 1242 1582 Georg.
1271 1507 1307 1580 1,
1337 1505 1414 1569 301.

735 1769 940 1778 *—

791 1985 881 2047 1382.

275 2096 349 2155 Nam
374 2098 460 2155 amici
483 2112 599 2170 quoque
622 2111 670 2154 res
694 2101 740 2153 cst
761 2094 888 2154 videnda
914 2093 1033 2152 intuto
1059 2099 1092 2152 ut
1121 2095 1293 2153 collocetur.
1341 2097 1409 2154 Ter.
1464 2109 1489 2145 *i

891 2196 894 2201 ’
1197 2198 1311 2257 Heaut.
1335 2191 1408 2260 689.

793 2310 884 2375 1383.

276 2423 350 2481 Nam
374 2440 437 2481 cum
460 2439 567 2495 magua
588 2422 684 2480 malae
707 2426 843 2494 superest
865 2420 991 2479 audacia
1013 2437 1129 2490 causae,

279 2523 458 2585 Creditur-a
479 2526 579 2584 multis
603 2524 720 2583 fiducia.
744 2555 786 2563 —
831 2525 895 2582 Juv.
920 2524 982 2582 Sat.
1008 2520 1063 2596 13,
1089 2519 1159 2582 109.

787 2635 879 2702 1384.

278 2751 353 2809 Nam
377 2766 441 2807 eum
463 2749 650 2822 praestiteris
669 2764 770 2805 verum
792 2746 864 2804 mihi
888 2763 1003 2820 semper
1025 2765 1163 2817 amorem,

364 2853 422 2911 Hic
444 2856 541 2910 tamen
561 2851 686 2910 adverso
709 2856 843 2924 tempore
866 2850 959 2909 crevit
982 2867 1072 2911 amor.
1104 2851 1157 2910 Ov.
1170 2851 1256 2910 Pout.
1271 2846 1302 2922 4,
1315 2847 1348 2924 6,
1361 2847 1412 2911 23.
1459 2853 1477 2886 ‘⁴'

793 2964 883 3028 1385.

524 3074 600 3132 Nam
624 3091 696 3134 cura
717 3079 851 3143 novatur,

279 3179 350 3239 Cum
372 3195 484 3237 memor
507 3183 574 3236 ante
597 3185 679 3237 actos
701 3195 819 3251 semper
840 3178 925 3236 dolor
948 3177 1086 3238 admonet
1108 3194 1211 3237 annos.
1243 3177 1311 3237 Tib.
1325 3179 1412 3252 Eleg.

1082 3254 1085 3261 ’
1214 3275 1248 3351 4,
1278 3278 1312 3353 1,
1342 3275 1412 3341 188.
1470 3358 1473 3366 Ι

790 3396 882 3458 msc.

277 3509 353 3566 Nam
369 3507 501 3566 curiosus
520 3512 676 3577 nemo-est,
701 3507 771 3581 quin
786 3506 825 3564 sit
839 3505 1009 3563 malevolus.
1037 3504 1134 3564 Plaut.
1152 3503 1244 3595 Stich.
1266 3501 1294 3577 1,
1313 3501 1346 3578 3,
1363 3503 1413 3568 54,

795 3618 887 3682 1387.

529 3731 604 3789 Nam
628 3729 708 3787 dives
733 3728 784 3802 qui
805 3727 870 3786 fieri
893 3729 965 3796 vult,

281 3834 323 3892 Et
346 3834 404 3892 cito
428 3834 491 3891 vult
513 3833 588 3892 fieri.
635 3832 694 3892 Sed
717 3847 793 3904 quae
815 3831 983 3890 reverentia
1005 3832 1110 3902 legum,

282 3935 354 4007 Quis
377 3941 474 3994 metus
497 3942 549 3994 aut
570 3936 668 4009 pudor
690 3941 736 3994 est
758 3951 885 4009 uuquam
909 3936 1100 4008 properantis
1123 3937 1224 3994 avari?
1253 3934 1325 3996 iuv.
1352 3937 1414 3998 Sat
1462 3918 1489 4023 ,Ε

1256 4032 1315 4110 14,
1344 4036 1415 4098 176.
1475 4040 1483 4074 u

1460 3588 1486 3647 Ι1

793 4151 881 4215 1388.

282 4263 357 4324 Nam
381 4263 467 4321 dolor
490 4279 524 4322 ac
546 4261 665 4321 morbus
688 4263 740 4321 leti
762 4261 924 4321 fabricator
946 4265 1071 4334 uterquc
1094 4266 1148 4319 est.
1179 4260 1301 4323 Lucret.
1325 4266 1363 4324 R.
1379 4267 1416 4324 N.
1471 4260 1489 4283 ²

1276 4361 1324 4440 3,
1342 4363 1416 4428 474.
1470 4424 1472 4441 ¹
