2978 5048
637 327 760 423 Λ,76

740 407 841 423 ΑΛΓ-ΑΙ

702 516 773 580 984.

180 623 266 697 Inopi
288 623 463 683 beneficium
486 624 532 682 615
555 624 615 694 dat,
639 627 690 699 qui
713 626 763 684 dat
786 626 931 684 celeriter.
977 626 1009 682 P.
1034 625 1099 697 Syr.

705 724 777 787 985.

177 828 284 902 Inops,
306 835 458 902 potentem
482 830 548 889 dum
571 835 632 890 vult
653 834 773 903 imitari
796 834 884 906 perit.
914 830 1042 890 Phaedr.
1066 829 1138 888 Fab.
1165 824 1191 898 1,
1207 823 1262 898 24,
1282 824 1309 887 1.

700 931 772 994 986.

179 1034 214 1092 In
237 1036 335 1108 pretio
357 1038 486 1109 pretium
509 1057 588 1097 nunc
610 1045 669 1098 est:
694 1040 745 1099 dat
768 1057 872 1099 census
895 1040 1034 1106 honores,

266 1138 379 1199 Census
400 1141 562 1211 amicIIias3
592 1160 705 1216 pauper
726 1143 835 1216 ubique
855 1145 943 1214 jacet.
989 1141 1041 1200 Ov.
1065 1140 1146 1198 Fast.
1175 1135 1205 1210 1,
1234 1132 1311 1198 217.

706 1242 778 1305 987.

177 1346 212 1403 Iu
235 1347 339 1419 primis
362 1364 505 1407 venerare
528 1349 610 1410 deos.
634 1381 675 1389 -
719 1351 800 1422 Virg.
824 1349 929 1422 Georg.
957 1345 989 1416 l,
1013 1342 1085 1406 338.

705 1448 777 1512 988.

178 1552 212 1609 In
235 1554 405 1627 priupratu
429 1557 636 1615 commutando
660 1558 766 1615 civium

179 1654 229 1712 Nil
252 1663 372 1728 praeter
384 1658 495 1718 domini
509 1677 613 1719 nornen
627 1667 741 1720 mutant
754 1676 912 1734 pauperes.
941 1658 1066 1717 Phaedr.
1079 1657 1151 1717 Fab.
1171 1655 1197 1727 1,
1218 1653 1315 1728 15,1.

706 1759 780 1823 989.

426 1866 460 1924 In
484 1867 597 1940 prolem
621 1868 799 1927 transcurrit
820 1867 917 1938 gratia
935 1872 1061 1937 patruni.
1095 1863 1197 1927 Claud.
1210 1867 1315 1927 Laud.

1107 1968 1171 2028 Stil.
1196 1965 1232 2039 2,
1259 1966 1315 2032 51.

705 2068 778 2130 990.

177 2172 272 2246 Inque
294 2175 376 2233 brevi
400 2192 486 2234 cursu
508 2183 658 2237 mutantur
680 2177 778 2236 saecla
801 2176 982 2234 animantum

177 2275 218 2333 Et
242 2279 327 2348 quasi
351 2295 486 2338 cursores
509 2280 580 2338 vitai
602 2279 739 2353 lampada
760 2279 892 2338 tradunt.
930 2278 1050 2338 Lucret.
1074 2280 1109 2337 R.
1133 2280 1170 2337 N.
1193 2273 1233 2349 2,
1260 2273 1315 2338 78.

706 2377 779 2440 991.

179 2484 273 2557 Inque
296 2501 379 2543 suum
403 2485 526 2544 miseros
550 2487 660 2545 excitat
683 2487 745 2545 ales
769 2502 853 2560 opus.
899 2486 951 2547 Ov.
975 2487 1040 2544 Am.
1069 2484 1101 2556 1,
1126 2481 1159 2560 6,
1183 2482 1237 2545 66.

704 2583 776 2648 992.

180 2689 322 2763 Inquinat
349 2693 482 2764 egregios
510 2692 651 2766 adjuncta
678 2692 819 2766 superbia
846 2710 951 2752 mores.
1001 2691 1106 2751 claud.
1138 2693 1187 2750 IV.
1218 2689 1315 2750 Gens.

1132 2796 1208 2853 Hon.
1235 2790 1314 2856 305.

705 2894 777 2958 993.

176 3000 210 3056 In
235 3017 267 3058 re
291 3002 368 3059 mala
390 3001 487 3059 animo
511 3002 536 3058 si
559 3003 637 3061 bono
661 3008 755 3068 utare,
779 3001 907 3075 adjuvat.
938 3003 1035 3061 Plaut.
1061 3002 1146 3074 Capt.
1170 2997 1198 3072 2,
1227 3000 1257 3074 1,
1281 2997 1314 3063 8.

708 3101 784 3175 994,

178 3208 314 3266 Insanire
337 3207 410 3305 libet
433 3208 571 3283 quoniam
596 3208 658 3267 tibi.
683 3239 724 3247 -
768 3209 848 3282 Virg.
873 3209 944 3268 Buc.
970 3204 1004 3279 3,
1029 3204 1080 3266 36.

707 3307 778 3368 995,

179 3417 304 3475 Insanus
328 3414 425 3474 medio
448 3413 566 3487 flumine
590 3417 708 3490 quaeris
732 3431 847 3489 aquam.
892 3414 981 3488 Prop.
1005 3416 1089 3488 Eleg.
1117 3411 1150 3484 1,
1175 3410 1209 3482 9,
1240 3410 1290 3477 16.

646 3495 649 3499 ’
704 3512 776 3576 esc.

177 3624 211 3680 In
236 3640 268 3681 se
290 3639 396 3695 magna
418 3629 520 3681 ruunt:
545 3624 632 3681 laetis
655 3623 733 3680 hunc
755 3621 877 3679 numina
900 3621 986 3679 rebus

176 3725 337 3785 Crescendi
360 3742 487 3799 posuere
509 3726 637 3786 modum.
664 3754 700 3764 -
747 3725 858 3782 Lucan.
882 3725 989 3783 Phars.
1018 3720 1048 3795 1,
1073 3718 1124 3782 81.

708 3822 779 3885 997.

177 3933 329 4006 Inspicere
353 3938 493 4005 tanquam
516 3932 547 3990 in
571 3933 722 4005 speculum
745 3932 775 3989 in
800 3931 875 3990 vitas
899 3931 1027 3989 omniurn

175 4037 271 4096 Iubeo
295 4041 385 4111 atque
408 4052 444 4094 ex
467 4035 534 4092 aliis
558 4051 673 4093 sumere
696 4036 862 4108 exemplum
885 4035 951 4093 5111.
997 4036 1065 4093 Ter.
1089 4034 1144 4093 Ad.
1168 4029 1243 4093 415.

704 4134 775 4196 998.

174 4243 293 4301 Instrue
316 4241 486 4316 praeceptis
510 4242 638 4300 animum
661 4259 715 4300 nec
738 4241 854 4301 discere
877 4258 992 4300 cesses:

111 4334 113 4339 ⁴
173 4347 249 4408 Nam
274 4347 338 4408 siue
362 4345 498 4406 doctrina
520 4345 582 4405 vita
604 4352 649 4404 est
672 4346 755 4422 quasi
779 4330 1009 4421 mortisiurago.
1040 4346 1102 4404 Cat.
1127 4345 1205 4404 Dist.
1229 4340 1262 4418 3,
1286 4343 1312 4405 1.
