2948 5040
177 665 251 724 Nam
273 665 385 723 inimici
407 663 511 723 famam
534 680 592 723 non
615 665 674 735 ita,
705 674 736 726 ut
763 673 833 725 nata
854 672 916 736 est,
944 665 1051 724 ierunt.
1095 665 1194 725 Plant.
1219 665 1307 722 Pers.

1125 763 1161 837 3,
1190 764 1225 839 1,
1250 763 1305 826 23.

687 884 777 949 1398.
887 900 889 904 '

174 994 249 1051 Nam
272 993 383 1065 inJ‘usta
405 992 440 1050 ab
459 994 549 1064 justis
572 994 732 1066 impetrare
755 1010 813 1051 non
839 994 932 1063 dccet,

173 1097 262 1155 Justa
291 1099 388 1154 autem
421 1094 456 1153 ab
480 1096 597 1167 injustis
627 1103 728 1169 petere
757 1097 929 1170 insipientia
958 1104 1011 1158 est.
1064 1099 1161 1158 Plaut.
1192 1099 1307 1172 Amph.

1143 1202 1225 1260 Prol.
1251 1198 1306 1261 35.

691 1313 781 1380 1399.

175 1421 251 1479 Nam
265 1422 442 1482 meliusduo
459 1421 619 1480 defendunt
633 1423 917 1484 retinaculanavem.
940 1425 1030 1498 Prop.
1042 1426 1124 1498 Eleg.
1140 1421 1168 1496 ἳ,
1190 1421 1240 1496 18,
1253 1421 1308 1484 41.

687 1555 778 1620 1400.

171 1663 247 1721 Nam
269 1662 357 1720 modo
379 1663 458 1721 bella
480 1663 574 1735 geria,
598 1664 727 1721 numeris
751 1665 837 1722 modo
860 1666 949 1724 verba
972 1674 1100 1734 coerces,

256 1766 400 1840 Quodque
429 1767 496 1824 aliis
524 1781 598 1839 opus
628 1772 687 1833 est,
721 1766 777 1825 hoc
806 1769 860 1827 tibi
889 1768 974 1826 ludus
1003 1771 1069 1827 erit.
1122 1768 1174 1829 01.
1212 1772 1306 1832 Pont.

1142 1868 1170 1944 4,
1195 1869 1226 1943 8,
1251 1870 1304 1937 73.

691 1987 783 2047 1401.

170 2093 243 2151 Nam
267 2109 350 2150 mora
373 2092 424 2152 dat
445 2095 538 2166 vires,
562 2101 680 2154 teneras
702 2111 787 2153 mora
808 2096 965 2169 percoquit
986 2112 1057 2154 uvas

252 2195 294 2254 Et
315 2197 429 2255 validas
452 2202 581 2271 segetes,
606 2198 685 2273 quod
707 2197 762 2256 fuit
784 2199 892 2267 herba,
916 2198 994 2257 facit.
1042 2198 1094 2258 Ov.
1118 2201 1201 2258 Rem.
1227 2197 1281 2262 83.

689 2329 778 2391 1402.

173 2437 248 2495 Nam
271 2438 362 2496 multa
384 2444 502 2511 praeter
525 2455 605 2511 spem
630 2438 693 2496 scio
716 2438 813 2496 multis
835 2436 914 2496 bona
936 2439 1077 2499 evenisse.
1108 2440 1207 2498 Plaut.
1225 2442 1304 2501 Rud

1127 2538 1162 2614 2,
1186 2539 1223 2614 3,
1249 2539 1303 2605 69.

687 2656 778 2719 1403.

175 2762 251 2822 Nam
273 2779 370 2838 neque
392 2761 540 2838 decipitur
561 2765 638 2823 ratio
659 2782 715 2824 nco
738 2764 849 2838 decipit
875 2781 1011 2839 unquam.
1049 2764 1153 2826 Manil.
1177 2765 1304 2827 Astron.

1164 2864 1199 2941 2,
1230 2867 1303 2931 131.

684 2981 775 3046 1404.

174 3090 248 3148 Nam
271 3105 366 3163 neque
390 3090 529 3150 divitibus
553 3090 727 3163 contingunt
749 3091 857 3162 gaudia
879 3092 959 3161 solis,

172 3194 236 3251 Nec
258 3192 331 3251 vixit
352 3194 445 3262 made,
471 3195 520 3266 qui
543 3200 629 3252 natus
651 3195 839 3268 moriensque
861 3193 974 3253 fefellit.

178 3297 209 3355 Si
231 3296 373 3369 prodesse
396 3296 454 3353 tuis
478 3297 626 3370 pauloque
647 3296 802 3368 benignius
824 3298 919 3369 ipsum

175 3400 216 3458 Te
241 3405 370 3458 tractare
393 3399 490 3457 voles:
514 3400 635 3458 accedes
659 3400 755 3458 siccus
778 3401 815 3458 ad
839 3407 965 3458 unctum.
998 3401 1072 3458 Hor.
1091 3401 1146 3474 Ep.
1166 3399 1192 3474 1,
1209 3399 1259 3474 17,
1274 3401 1304 3463 9.

685 3532 777 3596 1405.

174 3641 250 3698 Nam
273 3654 370 3712 neque
392 3639 580 3714 Pyramidum
603 3645 713 3698 sumtus
736 3639 895 3699 adsidere
918 3640 997 3699 ducti

258 3743 322 3801 Neo
345 3741 429 3800 Jovis
453 3735 538 3801 Elaci
563 3744 676 3801 coelum
699 3742 816 3800 imitata
838 3743 940 3800 domus

176 3845 238 3904 Nec
260 3845 409 3903 Mausolei
433 3845 514 3905 dives
537 3845 656 3905 fortuna
677 3845 806 3919 sepulcri

258 3948 367 4006 Mortis
391 3948 426 4006 ab
451 3956 582 4008 extrema
606 3949 775 4007 conditione
797 3955 910 4007 vacant.

173 4053 233 4112 Aut
253 4051 314 4110 illis
337 4049 454 4110 flamma
476 4059 527 4111 aut
547 4051 642 4111 imber
664 4050 808 4109 subducet
829 4051 968 4124 honores,

257 4154 410 4213 Annorum
434 4163 485 4215 aut
506 4157 569 4214 ictu
591 4154 725 4228 pondera
740 4154 820 4213 victa
842 4161 936 4214 ruent.

151 4256 210 4317 ‘At
233 4274 293 4316 non
314 4258 432 4329 ingenio
457 4259 621 4332 quaesitum
644 4273 751 4316 nomen
774 4257 811 4315 ab
834 4274 906 4316 aevo

258 4360 399 4423 Excidat:
423 4363 540 4437 ingenio
565 4367 624 4420 stat
645 4362 709 4420 sinc
723 4367 817 4421 morto
830 4361 928 4421 decus.
962 4363 1050 4436 Prop.
1064 4361 1147 4434 Eleg.
1162 4356 1192 4432 3,
1209 4357 1236 4432 1,
1251 4356 1303 4421 57.
