2978 5048
638 348 842 450 1131111

384 541 427 590 est
445 536 529 590 12831
547 536 664 605 quietem
681 537 791 604 repellit
808 537 866 592 142.
884 536 964 592 18851
983 535 1093 591 morbos
1110 549 1204 591 arcere
1213 535 1309 605 nequit

383 623 465 677 15971
493 637 572 677 curas
595 639 651 677 non
678 629 784 677 amovet
809 623 884 678 1597.
921 623 995 677 1605.
1030 621 1099 677 1646
1121 623 1200 677 imme
1228 621 1308 679 affert

384 708 441 762 142.
478 708 538 763 305.
575 709 635 763 519.
672 709 745 763 1726.
782 709 864 763 25941
882 710 1007 764 vitiorum
1025 709 1158 763 scelerum
1176 709 1306 763 malorum

383 811 467 850 causa
490 795 549 849 504.
586 794 644 848 942.
681 795 755 848 1226.
792 794 860 849 1757
903 796 985 851 23111
1012 794 1306 850 1111111111111726.

383 882 466 936 19681
488 883 515 936 in
535 896 650 949 corpore
669 886 765 936 nostro
783 837 953 937 nibiquficit
970 882 1049 937 15481
1073 897 1198 950 magnum
1216 880 1306 935 facere

381 973 475 1037 petest
491 968 625 1021 neminem
643 966 724 1020 14401
743 968 874 1022 avaritiae
892 969 1031 1023 irritamen
1050 966 1108 1021 154
1137 967 1196 1022 306.
1223 967 1306 1021 18321

382 1059 506 1108 naturam
525 1067 603 1108 suam
622 1067 759 1121 nunquam
776 1059 863 1107 mutat
888 1053 970 1107 14361
999 1053 1072 1122 quod
1094 1054 1209 1123 pecunia
1226 1070 1306 1122 para-

380 1147 437 1194 tum
456 1147 515 1209 est,
532 1141 649 1208 pecunia
668 1139 785 1194 vincitur
803 1141 885 1195 19701
909 1142 937 1195 in
964 1156 1031 1195 auro
1054 1155 1188 1194 venenum
1205 1140 1308 1194 bibitur

380 1226 463 1281 23401
481 1227 625 1294 pecuniam
643 1227 672 1280 in
690 1225 751 1279 loce
771 1226 907 1296 negligere
926 1242 1008 1295 saepe
1027 1241 1130 1281 summe
1149 1242 1305 1296 eperepro-

381 1313 442 1368 dest
459 1312 536 1368 1904.

174 1398 402 1456 Percontatores:
421 1400 454 1454 11.
473 1398 586 1454 Curioni.

176 1482 370 1558 Peregrinatio
391 1485 432 1554 [11.
445 1486 524 1554 111111
539 1484 687 1554 jnvenibus
698 1483 892 1539 saluberrimae
903 1484 1138 1552 peregrinationes
1151 1491 1215 1541 sunt
1230 1485 1303 1540 1145.

174 1569 307 1628 Pericula
325 1571 368 1639 [11.
386 1571 486 1626 Labor.
521 1572 617 1639 Mala]:
643 1585 692 1624 sua
717 1571 831 1638 quisque
855 1570 1191 1638 1111111111111125561
1223 1586 1305 1639 saepe

379 1658 417 1712 ibi
442 1659 541 1725 latent,
566 1657 613 1711 ubi
639 1672 718 1711 neme
746 1655 961 1724 111111121481
986 1658 1115 1725 perieulis
1142 1664 1307 1726 superantur

379 1744 460 1798 17361
487 1749 625 1798 contemta
655 1743 735 1797 citius
761 1741 911 1797 adveniunt
934 1742 997 1797 2521
1026 1749 1092 1799 nota
1116 1744 1168 1798 sibi
1192 1745 1306 1813 quiaque

379 1831 502 1899 pericula
520 1828 689 1884 1111112631.
726 1829 801 1882 2650.
838 1828 920 1883 27811
940 1829 985 1897 qui
1003 1829 1124 1896 pericula
1142 1835 1227 1898 amat,
1246 1831 1305 1899 ejus

379 1918 484 1971 animus
502 1916 676 1984 requiescere
688 1916 783 1983 nequit
796 1916 876 1969 17001
896 1915 942 1993 qui
959 1915 1083 1983 pericula
1100 1916 1181 1984 subit,
1200 1916 1306 1971 divitias

379 2008 500 2058 meretur
517 2001 598 2056 2492:
628 2016 738 2071 magnas
756 2016 839 2069 opes,
862 2001 994 2069 imprimis
1016 2016 1112 2070 regna,
1140 2002 1307 2056 circumdant

379 2089 438 2143 250.
474 2087 549 2141 1171.
585 2088 662 2141 2043.
698 2087 779 2140 20551
810 2087 869 2141 aine
893 2086 1022 2154 periculis
1043 2102 1140 2155 magna
1165 2087 1226 2143 fieri
1249 2104 1306 2144 nen

378 2179 496 2243 pessunt
524 2174 606 2228 16201
630 2173 739 2228 timidus
762 2171 844 2227 etiam
867 2171 906 2227 ibi
926 2172 1062 2242 pericula,
1088 2173 1135 2228 ubi
1158 2190 1214 2229 nen
1233 2179 1305 2243 sunt,

378 2258 547 2316 1111111917.

171 2346 335 2419 Perjurinm
352 2344 395 2414 [11.
411 2346 523 2414 Fraus]:
544 2360 704 2415 quamquam
716 2344 743 2398 in
758 2345 850 2399 multia
860 2360 931 2413 aare,
948 2349 1039 2401 tamen
1051 2351 1127 2402 certe
1136 2346 1250 2415 punitur
1262 2345 1305 2401 40.

172 2432 269 2491 Pictor
287 2433 330 2502 [11.
350 2432 446 2487 Studia
463 2432 630 2500 literarum]:
648 2432 784 2500 pictorum
803 2446 910 2500 semper
928 2446 1024 2499 magna
1042 2431 1304 2487 1111111111111932.

171 2519 266 2577 Pietas
286 2518 330 2590 [11.
349 2519 513 2575 Innocentio
550 2518 708 2585 Pudicitialc
736 2518 820 2585 quid?
846 2517 911 2571 3251
935 2518 1026 2586 placet
1047 2517 1098 2573 deo
1123 2518 1305 2589 praemiisque

379 2606 414 2660 ab
444 2606 491 2659 illo
526 2604 644 2658 afficitur
676 2604 735 2657 222.
770 2604 829 2656 226.
865 2604 923 2657 312.
960 2602 1018 2658 313.
1055 2603 1114 2659 349.
1149 2604 1207 2656 429.
1245 2605 1303 2658 632.

379 2691 438 2746 634.
475 2690 551 2745 1375.
587 2689 662 2744 2004.
699 2688 774 2742 2288.
810 2689 893 2743 26661
920 2705 999 2744 verae
1022 2690 1133 2757 pietatis
1151 2703 1247 2758 magna
1265 2691 1304 2744 vis

380 2783 423 2831 est
449 2776 532 2831 17071
565 2777 646 2830 etiam
671 2775 700 2829 in
727 2776 806 2829 beate
834 2776 926 2843 placet
949 2775 1012 2830 5391
1040 2775 1134 2830 felices
1152 2783 1228 2845 sunt,
1260 2776 1306 2845 qui

378 2870 492 2931 propter
510 2863 640 2930 pietatem
656 2861 807 2914 moriuntur
824 2860 888 2916 6731
906 2861 1037 2919 minorem
1056 2861 1107 2915 vim
1125 2863 1208 2917 habet
1226 2879 1305 2930 qnam

376 2951 526 3004 necessitas
555 2946 636 3002 14491
670 2962 721 3000 nec
749 2953 917 3001 senectutem
944 2963 995 3002 nec
1020 2955 1133 3002 mertem
1163 2949 1304 3003 retardare

377 3041 471 3103 potest
498 3035 561 3089 510:
588 3033 716 3089 militibus
744 3033 877 3102 [mercede
897 3034 1048 3103 conductis]
1070 3034 1145 3088 nulla
1169 3035 1249 3088 16921
1276 3036 1304 3089 11

382 3123 451 3176 aulis
468 3122 623 3190 principum
640 3136 696 3174 nen
714 3125 756 3173 est
771 3118 831 3172 599.

173 3206 318 3281 1111111.
339 3209 437 3262 Otium.

170 3292 268 3350 Plebs:
286 3295 319 3348 cf.
338 3295 470 3362 Populus,
506 3293 617 3360 Vulgus.

171 3380 315 3437 Poematia:
334 3381 366 3434 11.
386 3380 517 3434 Carmina.

169 3468 264 3524 Poena
288 3466 330 3537 [11.
349 3467 501 3535 Vindictal:
526 3465 632 3534 culpam
654 3463 781 3518 celeriter
807 3463 933 3532 sequitur
956 3462 1024 3517 324:
1047 3464 1177 3532 improbis
1200 3470 1228 3520 et
1246 3481 1304 3520 ace-

376 3554 452 3607 leatis
478 3558 554 3607 certa
579 3551 620 3604 40.
657 3549 732 3604 1949.
769 3550 843 3619 2259.
882 3550 964 3605 25921
995 3555 1117 3605 extrema
1148 3568 1238 3619 poena
1262 3558 1305 3607 est

378 3640 448 3694 mala
466 3637 633 3694 conscientia
660 3636 811 3690 excruciari
835 3636 917 3690 19461
942 3652 1017 3691 mora
1036 3651 1138 3691 summa
1154 3653 1244 3705 poena
1262 3644 1305 3692 est

377 3725 458 3778 13291
476 3738 593 3792 poenam
611 3738 690 3777 nemo
708 3737 810 3777 nocens
828 3723 880 3776 sibi
898 3724 958 3791 ipse
971 3724 1076 3791 irrogat
1089 3723 1168 3778 14961
1186 3740 1303 3792 poenam

376 3811 432 3878 pati
456 3811 545 3865 minus
570 3814 613 3862 eat
637 3823 716 3876 quam
740 3810 871 3863 meruisse
894 3808 960 3862 5551
984 3808 1060 3877 justa
1083 3824 1174 3876 poena
1191 3807 1304 3863 terenda

377 3903 420 3951 est
436 3896 483 3950 321
501 3896 623 3964 quisquis
641 3896 761 3962 iniquam
778 3909 894 3961 poenam
912 3895 1023 3962 patitur,
1042 3895 1131 3948 anime
1146 3895 1225 3949 fertis
1241 3909 1302 3949 esse

377 3983 459 4037 debet
476 3983 539 4036 5501
556 3996 647 4050 poena
665 3981 755 4035 scelus
775 3981 874 4036 crescit
890 3980 956 4034 4931
974 3980 1047 4034 demi
1066 3987 1158 4048 potest
1177 3981 1249 4034 1951.

170 4066 348 4125 1111111111
367 4069 407 4137 [11.
427 4069 547 4122 Animus.
582 4066 761 4137 Conscientia,
786 4067 901 4136 Poena]:
920 4067 1067 4135 plerosque
1086 4066 1220 4121 lectorum
1238 4081 1301 4120 ano·

376 4172 435 4209 rum
458 4154 581 4222 poenitet
603 4152 686 4207 20891
713 4155 796 4209 nimia
820 4154 926 4209 consilii
950 4153 1155 4221 sententiaeque
1175 4153 1301 4207 celeritas

376 4240 571 4308 poenitentiam
597 4246 687 4294 movet
709 4240 792 4295 27671
819 4257 899 4309 quem
920 4245 1094 4308 peccatorum
1116 4239 1252 4307 poenitet,
1277 4240 1301 4293 is

376 4341 465 4394 paene
483 4327 614 4381 innocens
632 4332 675 4380 eat
691 4326 767 4381 2066.
