2978 5048
642 352 846 457 miliar„

693 543 783 607 1856.

175 655 198 713 0
222 671 286 723 rus,
311 651 429 727 quando
452 668 505 725 ego
529 659 558 711 te
582 653 743 726 adspiciam
766 651 942 727 quandoque
964 652 1066 710 licebit

173 758 260 817 Nunc
281 762 416 817 veterum
438 756 539 828 libris,
562 773 640 814 nunc
659 771 761 814 somno
785 762 815 815 et
836 756 981 814 inertibus
1006 755 1088 814 horis

173 859 291 918 Ducere
313 860 460 919 sollicitae
479 858 613 932 iucunda
635 859 745 918 oblivia
766 860 866 918 vitae?
910 860 983 917 Hor.
1007 857 1069 917 Sat.
1093 852 1130 927 2,
1161 851 1201 928 6,
1226 849 1274 918 60.

693 956 783 1022 1851.

175 1065 199 1124 Ο
222 1082 307 1125 sacer
329 1068 360 1125 et
380 1080 502 1138 magnus
525 1070 624 1124 satum
648 1065 747 1135 labor,
772 1065 871 1123 omnia
892 1062 952 1123 lato

174 1167 278 1241 Eripis
301 1173 331 1225 et
351 1168 470 1241 populis
493 1168 586 1227 donas
609 1167 780 1227 mortalibus
793 1174 913 1229 aevum!
936 1167 1049 1225 Lucan.
1066 1166 1175 1224 Phars.
1196 1159 1274 1237 1191

692 1266 782 1331 1852.

176 1374 216 1432 Os
239 1378 350 1431 mutum
372 1371 442 1432 facti
472 1379 554 1433 caret
576 1374 684 1434 indice.
729 1374 847 1435 Grande
870 1375 982 1432 doloris

175 1477 328 1550 Ingenium
351 1483 410 1547 est,
435 1477 613 1552 miserisque
636 1479 717 1538 venit
739 1479 864 1544 solertia
886 1478 982 1537 rebus.
1029 1477 1081 1535 Ov.
1104 1475 1181 1534 Met
1199 1470 1230 1545 6,
1243 1470 1274 1532 bi

694 1575 784 1639 1853.

177 1684 291 1758 Ospes
314 1689 464 1743 amantum
488 1685 620 1756 credula,
644 1701 661 1743 o
684 1683 772 1743 fallax
795 1690 892 1742 amor!
938 1685 1005 1742 San.
1029 1683 1120 1755 Hipp.
1144 1677 1223 1739 634.

696 1782 786 1848 1854.

176 1890 341 1950 Ostendent
362 1891 452 1949 terris
475 1891 557 1950 bunc
579 1896 692 1951 tantum
715 1890 777 1949 fata
798 1907 853 1948 nec
876 1892 956 1948 ultra

174 1994 251 2053 Esse
274 1995 381 2054 sinent.
407 2023 447 2032 -
490 1994 573 2067 virg.
597 1994 672 2054 Aen.
697 1989 734 2064 6,
759 1988 831 2052 879.

693 2090 785 2156 1855.
889 2137 895 2148 .

425 2202 448 2261 0
472 2208 518 2261 ter
541 2207 706 2276 quaterque
730 2200 819 2272 beati,

177 2304 249 2375 Quis
271 2309 340 2362 ante
362 2320 416 2364 ora
437 2312 555 2378 patrum
578 2306 687 2378 Trojae
709 2304 764 2365 sub
787 2303 938 2362 moenibus
961 2303 1029 2361 altis

176 2405 307 2480 Contigit
328 2405 485 2481 oppeteret
507 2437 550 2448 -
593 2409 676 2481 Virg.
699 2409 774 2468 Aen.
802 2403 836 2477 1,
860 2402 911 2464 94,

695 2506 784 2570 1856.

177 2612 245 2670 Otio
268 2613 318 2686 qui
340 2613 519 2685 comitati,
542 2616 608 2690 plus
632 2616 730 2688 negoti
752 2613 851 2683 habet,

176 2716 269 2787 Quam
292 2733 357 2775 cum
381 2722 427 2775 est
448 2720 595 2791 negotium
618 2720 648 2777 in
672 2718 801 2792 negotio.

175 2821 251 2878 Nam
273 2820 336 2891 cui,
361 2820 440 2893 quod
463 2827 539 2894 agat,
561 2822 729 2880 institutum
752 2826 815 2891 est,
839 2821 921 2878 nullo
945 2820 1064 2892 negotio

174 2923 209 2980 Id
232 2924 307 2997 agit:
331 2925 432 2983 studet
453 2925 504 2983 ibi.
548 2925 679 2984 Mentem
703 2930 791 2998 atquc
815 2924 942 2982 animum
965 2923 1092 2981 delectat
1114 2938 1215 2981 suum.

176 3025 280 3086 Otioso
302 3031 333 3086 in
357 3029 419 3087 otio
443 3029 556 3087 animus
580 3028 684 3099 nescit,
708 3027 780 3102 qnid
801 3029 881 3086 velit.
917 3027 993 3084 Eun.
1016 3025 1111 3099 iphig.
1136 3027 1222 3100 apud
1239 3026 1274 3086 Gn

1052 3129 1089 3187 N.
1115 3128 1154 3187 A.
1185 3125 1242 3201 19,
1269 3131 1274 3184 i

695 3228 786 3292 1857.
890 3278 893 3283 .

177 3336 275 3396 Otium
299 3342 329 3397 et
350 3353 433 3410 reges
455 3336 539 3410 prius
564 3341 594 3397 et
616 3337 719 3397 beatas

331 3440 466 3500 Perdidit
487 3441 586 3500 urbes.
632 3439 739 3500 Catuli.
764 3437 861 3501 (ianm.
884 3437 939 3509 51,
966 3435 1014 3497 15.

241 3524 245 3535 ’
694 3538 785 3602 1858.

425 3646 449 3705 Ο
473 3648 552 3706 vitae
574 3653 639 3708 tuta
660 3648 786 3709 facultas

177 3749 321 3823 Pauperis
345 3752 521 3825 angustique
543 3750 629 3822 laris,
654 3769 671 3811 o
693 3768 817 3811 munera
835 3750 965 3811 nondum

176 3854 331 3915 Intellecta
352 3850 453 3915 deuml
477 3883 518 3893 -
561 3855 673 3917 Lucan.
697 3856 802 3916 Phars.
822 3852 862 3927 ,5,
885 3848 958 3914 527.
