2978 5048
707 314 774 413 ‚²18
803 400 841 412 w

382 503 496 570 quisque
511 509 591 569 amat,
609 501 637 554 id
651 501 788 554 laudando
800 500 852 553 sibi
870 498 1040 553 commendat
1051 499 1134 552 2226:
1155 514 1208 552 sua
1219 512 1310 566 quem·

381 604 433 656 que
452 603 547 641 curare
568 587 740 641 1111113052.
766 587 846 640 2664:
866 601 896 638 se
916 586 1030 652 quisque
1048 592 1121 637 amat
1129 584 1209 638 2424.
1228 584 1310 637 2434:

380 689 436 727 nou
455 687 548 726 omnes
567 675 657 726 omnia
676 678 794 740 possunt
810 671 852 725 45.
879 671 953 724 1000.
979 670 1054 723 1444.
1081 671 1162 724 1643:
1191 672 1313 738 quemvis

383 759 488 813 discere
508 759 599 828 decet,
618 775 696 827 quem
715 774 745 812 se
764 758 832 811 deus
851 771 912 810 esse
927 757 1043 824 jusserit
1060 756 1144 809 2072:
1172 763 1316 824 respuant,

382 844 454 913 quod
472 860 526 897 non
555 851 619 899 sunt
643 845 726 898 2289:
755 844 894 898 hominum
920 851 1017 897 natura
1042 859 1148 896 omnem
1177 843 1316 897 fortunam

383 929 456 985 ferre
480 937 573 999 potest
598 931 655 985 114.
692 930 774 985 2191ε
804 945 888 997 saepe
913 944 974 982 sese
1000 929 1178 984 considerare
1202 935 1316 997 oportet

380 1017 461 1070 2315:
488 1031 596 1083 semper
619 1018 731 1086 vigilare
753 1020 887 1070 memento
910 1015 992 1068 2814:
1025 1029 1087 1068 sese
1110 1015 1165 1082 ipsi
1191 1021 1314 1069 contem·

381 1112 448 1156 nant
465 1103 546 1156 2147:
566 1102 688 1171 quisquis
707 1102 759 1154 sibi
777 1103 878 1170 placet,
896 1101 1036 1168 improbus
1055 1107 1098 1154 est
1115 1100 1200 1154 2147:
1219 1117 1315 1154 secum

381 1205 531 1257 congruere
552 1189 651 1241 debent
669 1188 752 1240 2519:
780 1187 922 1241 dummodo
941 1186 1014 1253 velit,
1034 1185 1147 1252 quilibet
1166 1188 1315 1241 mitescere

380 1282 473 1344 potest
491 1273 571 1326 1491:
591 1275 643 1327 sibi
662 1273 776 1341 quisque
795 1274 935 1340 proximus
953 1278 996 1325 est
1013 1271 1096 1324 2791:
1120 1270 1205 1339 lupus
1232 1287 1316 1339 saepe

382 1363 463 1416 horno
490 1360 592 1413 homini
623 1366 665 1413 est
690 1359 750 1413 848.
787 1358 866 1411 1161:
895 1358 974 1410 deum
1003 1356 1126 1425 plerique
1155 1364 1317 1426 sortemque

381 1448 498 1502 futuram
509 1447 606 1500 timent
623 1445 705 1498 238οε
723 1443 859 1497 interdum
878 1443 943 1496 utile
963 1443 1147 1510 estoblirisci,
1168 1445 1216 1512 qui
1229 1445 1315 1498 simus

379 1534 438 1588 569.
475 1533 538 1586 941;
563 1531 635 1599 quod
664 1531 812 1596 nescimus,
834 1528 961 1582 damnare
980 1545 1083 1582 summa
1107 1535 1149 1582 est
1171 1531 1316 1583 temeritas

379 1619 461 1672 2221:
480 1618 604 1685 proxima
613 1617 760 1684 negligere,
778 1616 928 1683 longinquo
940 1621 1035 1681 petere
1049 1614 1139 1669 solent
1152 1614 1214 1668 242.
1238 1615 1316 1668 2314.

380 1705 457 1772 2643,
492 1704 575 1757 2654:
593 1702 747 1756 hominibus
767 1702 845 1754 nimis
865 1700 991 1754 sublimia
1008 1700 1127 1753 verenda
1145 1707 1211 1755 sunt
1229 1701 1314 1754 2677:

382 1790 515 1858 quidlibet
542 1787 662 1855 audent,
694 1787 741 1840 ubi
768 1801 829 1840 sese
854 1786 949 1840 tallere
978 1801 1059 1854 posse
1084 1793 1198 1854 sperant
1228 1787 1318 1840 2494:

383 1874 513 1944 quidquid
531 1873 580 1928 tibi
598 1873 658 1927 ficri
677 1890 732 1928 non
751 1874 805 1940 vis,
823 1868 859 1925 'id
878 1873 937 1926 aliis
955 1871 1047 1926 lacere
1071 1873 1128 1925 noli
1152 1873 1239 1927 1619:
1265 1874 1315 1927 hu·

381 1977 461 2015 mana
479 1961 569 2015 omnia
587 1974 753 2027 cognoscere
773 1965 801 2011 et
819 1958 924 2012 discere
949 1959 1029 2011 decet
1051 1958 1117 2010 441:
1146 1959 1238 2028 magis
1264 1975 1318 2013 ma·

382 2049 477 2117 gisque
496 2045 697 2114 degenerarunt
713 2044 771 2097 359.
799 2044 875 2097 2624.

176 2135 338 2196 honestum:
358 2131 390 2188 cf.
408 2133 511 2188 Virtus.

176 2222 331 2289 1111111011.
350 2221 513 2274 Auctoritas.
551 2217 633 2284 Opes.
661 2215 814 2283 Potestasl:
834 2230 901 2269 auro
920 2216 1021 2283 optime
1041 2214 1196 2282 divitiisque
1218 2216 1256 2269 ad
1271 2217 1319 2270 ho·

382 2320 476 2360 norem
494 2306 537 2358 via
559 2303 692 2358 sternitur
720 2300 777 2353 140.
813 2300 878 2354 352:
906 2301 990 2355 falsus
1017 2301 1106 2355 horror
1130 2315 1215 2368 quem
1239 2303 1321 2370 juret

382 2392 445 2445 648:
463 2388 630 2458 pauperibus
648 2404 702 2440 non
722 2385 820 2439 dantur
838 2387 957 2440 honores
968 2385 1035 2440 352:
1055 2387 1175 2454 populus
1194 2387 1319 2456 indignis

381 2492 465 2544 saepe
483 2477 603 2529 honores
621 2471 705 2527 uadit
716 2471 796 2525 1958:
816 2487 896 2526 curas
915 2487 1008 2525 arcere
1027 2472 1148 2526 honores
1169 2481 1320 2542 nequeunt

383 2562 458 2615 1605.

176 2649 261 2706 llere:
282 2647 314 2701 ci.
334 2649 427 2704 Aetas.
463 2646 536 2699 Dies.
573 2643 699 2710 Tempus.
736 2641 805 2696 Vita

176 2735 279 2807 Hospes
297 2732 343 2803 [cf.
363 2735 478 2786 Amicus.
509 2729 652 2798 Conviva]:
672 2728 779 2795 turpius
798 2733 841 2781 est
858 2729 959 2796 ejicere
978 2728 1113 2795 hospitem
1131 2744 1216 2797 quam
1235 2731 1320 2799 plane

384 2835 439 2873 non
457 2819 580 2885 recipere
597 2815 674 2868 2691.

176 2905 268 2964 lltstis
287 2904 327 2975 [cf
351 2905 501 2972 Inimicus]:
527 2901 646 2956 hostium
664 2913 754 2952 mores
772 2914 869 2952 curare
887 2899 944 2951 noli
962 2898 1027 2952 463:
1047 2914 1082 2952 ne
1100 2899 1134 2953 ab
1152 2899 1239 2955 hoste
1259 2904 1320 2970 qui-

316 3017 318 3023 .
383 2989 443 3043 dem
463 2988 568 3042 discere
587 3002 642 3040 non
659 2999 804 3052 possumus
822 2984 886 3037 655:
907 2985 988 3037 etiam
1006 2985 1033 3037 in
1051 2985 1131 3038 hoste
1149 2986 1246 3053 pietus
1256 2988 1320 3055 pla-

382 3082 427 3129 cet
450 3074 515 3127 539:
543 3072 618 3126 hosti
647 3071 717 3124 male
744 3069 865 3124 creditur
892 3070 972 3123 1201:
1003 3070 1109 3124 hostem
1131 3086 1215 3126 nemo
1246 3081 1322 3126 amat

382 3160 465 3214 1934:
490 3159 615 3213 hostibus
638 3156 735 3210 civium
763 3155 862 3210 seditio
881 3162 1035 3223 opportuna
1052 3162 1095 3209 est
1118 3156 1208 3212 2377:
1244 3159 1322 3212 hosti

382 3245 498 3310 minori,
516 3260 570 3297 non
589 3244 686 3311 majori
705 3240 804 3295 cedere
824 3249 903 3309 turpe
922 3247 965 3295 est
982 3240 1041 3294 234.

176 3331 348 3401 Humanitas,
366 3328 525 3398 Clementia,
543 3325 736 3384 Misericordia
747 3326 948 3393 [cf.Beueficia.
968 3325 1079 3395 Venia]:
1099 3328 1207 3395 optima
1216 3344 1264 3384 res
1279 3339 1324 3385 est

382 3414 442 3468 401.
478 3412 555 3469 1103.
590 3413 672 3466 2276:
692 3414 855 3467 conveniens
874 3411 977 3466 homini
996 3418 1038 3466 est
1058 3411 1118 3465 287,
1153 3412 1223 3469 870:
1251 3433 1324 3470 nun-

382 3515 462 3569 quam
479 3498 548 3552 male
567 3498 643 3552 audit
652 3498 733 3553 1709:
752 3498 844 3566 placet
861 3497 919 3550 407.
939 3496 1020 3550 2199:
1039 3498 1151 3551 timoris.
1162 3501 1324 3556 remedium

383 3584 464 3638 1190:
489 3590 631 3652 potentum
650 3599 717 3652 opes
736 3583 915 3652 auget1346:
938 3588 1080 3649 potentum
1097 3585 1237 3650 populum
1256 3589 1324 3642 bea.

382 3675 440 3724 tum
458 3670 549 3724 reddit
566 3669 646 3723 1964:
666 3668 748 3723 nimia
765 3674 847 3723 nocet
865 3668 944 3722 1611:
964 3669 1011 3735 qui
1028 3669 1194 3724 humanitati
1214 3687 1247 3725 se
1267 3690 1326 3727 non

382 3755 581 3825 accommodat,
598 3770 703 3824 poenas
722 3754 769 3809 dat
786 3753 846 3808 883.

639 3892 845 3903 -———-—=

176 4006 304 4065 lactatio:
320 4010 427 4077 jactare
446 4025 540 4066 omnes
560 4010 695 4079 desinunt,
713 4025 773 4064 cum
792 4024 865 4064 mors
883 4009 1085 4077 appropinquat
1095 4007 1180 4065 1182:
1204 4014 1256 4081 qui
1276 4029 1328 4069 sua

378 4096 480 4165 jactat,
506 4097 594 4151 aliena
612 4096 705 4150 laudat
721 4096 770 4149 43:
790 4094 850 4148 fieri
869 4110 923 4150 non
942 4101 1047 4162 potest,
1065 4097 1148 4166 quin,
1166 4097 1222 4153 ubi
1243 4117 1327 4156 accu-

382 4183 467 4236 ratius
486 4189 593 4252 spectas
611 4182 775 4250 probasqua
794 4180 880 4235 omnis
895 4181 1010 4249 jactatio
1029 4181 1161 4236 celeriter
1171 4183 1265 4242 finem
1284 4192 1325 4243 in.

381 4266 473 4323 veniat
490 4267 566 4322 1112.
