2978 5048
551 351 753 451 ...iim

616 541 688 606 317.

81 648 144 708 Oui
168 651 267 709 nullus
289 650 356 710 finis
379 650 533 724 cupiendi,
557 656 602 709 ost
619 651 717 709 nullus
739 650 878 710 habendi.

177 754 233 813 ille
255 754 360 829 opibus
381 754 486 814 modus
509 760 562 827 est,
587 771 673 828 quem
695 759 807 814 statuas
823 755 931 815 animo.
959 751 1070 813 Auson.
1083 754 1153 813 Vill.
1168 749 1216 813 15.

615 871 687 934 318.

87 978 149 1039 Gui
173 994 301 1052 peccare
323 979 408 1048 lieet,
431 983 537 1052 peccat
558 979 663 1039 minus.
706 978 776 1052 Ipsa
798 985 928 1054 potestas

177 1081 296 1140 Semina
327 1082 479 1156 nequitiae
501 1083 689 1156 languidiora
709 1083 789 1143 facit.
834 1083 888 1142 Or.
909 1080 974 1140 Am.
997 1075 1034 1152 3,
1057 1077 1092 1152 4,
1115 1077 1144 1141 9.

619 1198 692 1263 319.

86 1304 147 1364 Oui
170 1306 269 1378 plaoet
291 1305 426 1374 alterius,
450 1320 504 1364 sua
524 1306 661 1364 nimirum
684 1311 730 1364 ast
749 1305 818 1364 odio
840 1322 915 1366 sors.

88 1408 208 1468 Stultus
231 1414 355 1482 uterque
378 1409 474 1468 loenm
496 1410 673 1468 immeritum
696 1413 835 1468 causatur
854 1410 970 1484 iniquo:

88 1513 125 1571 ln
141 1513 286 1586 eulpaest
297 1512 421 1584 animus,
444 1515 495 1588 qni
508 1530 539 1572 se
552 1529 613 1572 non
625 1513 725 1587 effugit
736 1529 872 1588 unquam.
902 1514 975 1572 Hor.
987 1512 1044 1585 Ep.
1063 1505 1090 1582 1,
1106 1505 1153 1581 14,
1170 1505 1217 1564 11.

619 1627 689 1692 320.

92 1733 147 1795 Oui
170 1736 238 1810 plus
261 1736 332 1795 lieet
355 1753 440 1812 quam
462 1743 601 1812 purast,
623 1738 691 1811 plus
714 1738 777 1796 vult
800 1752 886 1810 quam
908 1735 988 1794 lieet.
1032 1735 1066 1792 P.
1090 1732 1154 1807 Syr.

619 1852 691 1917 321.

341 1958 396 2018 (lui
417 1959 539 2034 prodest
561 1961 667 2032 scelus,

84 2064 119 2122 Is
146 2063 229 2122 feeit.
251 2093 293 2104 -
337 2063 406 2123 Sen.
428 2063 508 2123 Med.
531 2058 603 2124 500.

439 2224 442 2229 .
619 2160 691 2225 322.

84 2268 148 2328 Cui
171 2268 275 2328 aciens
298 2286 356 2328 non
381 2286 446 2328 esse
467 2285 569 2342 parem
590 2274 636 2338 te,
659 2273 793 2344 tempore
817 2270 902 2329 cede:

83 2373 246 2430 Victorem
268 2389 287 2431 a
308 2375 386 2431 vieto
408 2373 545 2446 superari
567 2389 657 2446 saepe
678 2373 819 2433 videmus.
864 2372 929 2433 Cot.
952 2372 1030 2432 Diat.
1054 2366 1090 2443 2,
1117 2365 1163 2428 19.

619 2487 692 2551 323.

83 2595 195 2656 Cuivis
215 2592 309 2655 dolori
331 2595 492 2655 remedium
513 2599 559 2654 est
579 2597 736 2669 patientia.
779 2597 812 2656 P.
837 2597 901 2672 Syr.

621 2711 695 2776 324.

90 2820 221 2893 culpam
242 2834 339 2892 poeno
359 2818 468 2890 promit
489 2835 596 2878 eomes.
639 2818 790 2878 Honori.
814 2813 850 2889 4,
875 2815 909 2889 5,
933 2813 984 2878 24.

624 2917 695 2983 325.
955 2994 959 3005 .

87 3025 170 3086 Cum
194 3025 266 3083 deus
288 3025 432 3095 intonuit,
455 3040 514 3082 non
537 3041 570 3084 se
591 3025 756 3085 subducere
778 3025 892 3083 nimbo:

181 3127 218 3186 Id
240 3127 355 3186 demum
377 3129 490 3201 pietas,
512 3129 544 3187 id
566 3130 686 3188 socialis
709 3145 800 3187 amor.
846 3128 899 3186 Ov.
922 3127 1010 3186 Trist.
1035 3121 1069 3194 5,
1096 3118 1148 3196 14,
1171 3119 1222 3182 27.

621 3224 693 3290 326.

84 3336 170 3396 Cum
193 3334 283 3395 dubia
303 3335 584 3394 incertis'versetur
605 3333 666 3391 vita
681 3333 810 3406 periclis,

85 3443 158 3501 Pro
180 3439 263 3498 lucro
285 3438 340 3498 tibi
361 3454 440 3511 pone
463 3437 558 3507 diem,
581 3437 748 3511 quicunque
772 3439 923 3508 sequetur.
955 3432 1016 3494 (lat.
1033 3435 1109 3494 Dist.
1129 3430 1155 3505 1,
1172 3428 1222 3493 33.

625 3534 697 3600 327.

85 3646 169 3706 Cum
192 3643 299 3703 feriant
321 3660 426 3714 unum,
450 3660 540 3702 unum
562 3659 621 3701 non
644 3643 913 3711 fulminatorum,

184 3748 350 3822 Junetaque
372 3763 514 3821 percusso
536 3741 624 3806 turbt
644 3763 754 3820 pavere
776 3747 861 3805 solet.
901 3746 953 3804 Ov.
976 3745 1062 3805 Pont.
1086 3740 1116 3817 3,
1140 3740 1170 3817 2,
1194 3740 1223 3804 9.

624 3844 696 3909 328.

87 3954 173 4016 Cum
195 3952 329 4011 Fortuna
350 3957 458 4023 manet,
481 3954 591 4012 vultum
614 3953 747 4023 servatis,
771 3953 873 4012 amioi:

185 4054 256 4114 (ium
278 4055 370 4126 oedit,
393 4057 473 4130 turpi
495 4057 610 4116 vertitis
633 4072 686 4115 ora
707 4057 784 4129 fugo.
827 4057 946 4116 Petron.
969 4054 1032 4113 Sat.
1056 4071 1080 4113 o.
1104 4048 1155 4115 80.

624 4154 696 4219 329.

90 4264 231 4336 Cumque
253 4280 356 4321 mones
379 4263 504 4337 aliquem
528 4279 584 4321 neo
605 4280 636 4321 se
658 4262 728 4322 velit
749 4262 800 4322 illa
823 4262 949 4321 moveri:

91 4366 128 4430 Si
153 4364 209 4443 tibi
232 4367 272 4425 sit
294 4384 397 4437 aaran,
420 4368 481 4425 noli
505 4366 649 4425 desistere
672 4367 794 4440 coeptis:
840 4364 904 4426 Cat.
927 4365 1004 4423 Dist.
1031 4359 1064 4434 1,
1088 4359 1116 4423 9.
