2948 5040
645 464 712 479 ἱΙ-Λ(
731 466 737 470 ”
746 465 848 480 aunt-tw·

692 572 784 635 1465.

176 677 247 747 1166,
271 695 346 751 quae
369 678 405 737 de
428 696 521 752 parva
541 696 657 752 pauper
679 679 724 737 dis
748 679 822 738 libat
843 695 957 751 acerra,

261 781 364 842 Thura
391 783 487 841 minus
516 782 619 855 graudi
648 800 734 856 quam
764 783 833 842 data
863 785 946 842 lance
976 784 1081 842 111611.
1128 784 1179 843 01.
1214 788 1310 849 Pont.

1134 886 1170 956 4,
1194 883 1230 960 8,
1256 887 1312 954 39.

696 984 787 1046 1466.

178 1089 242 1148 1166
264 1106 339 1164 quae
366 1093 523 1163 praeteriit
543 1092 649 1150 iterum
673 1093 861 1151 revocabitur
884 1092 971 1162 unda,

262 1194 325 1252 Nec
351 1211 425 1267 quae
450 1196 608 1268 praeteriit
630 1195 704 1254 hora
726 1195 825 1253 redire
853 1202 960 1269 potest.
1006 1196 1058 1256 Ov.
1081 1197 1116 1257 A.
1140 1197 1175 1256 A.
1196 1193 1236 1268 3,
1261 1194 1318 1256 63.

694 1291 785 1356 1467.

99 1399 105 1415 ’
179 1400 242 1459 1166
271 1400 448 1475 quidquam,
478 1400 556 1474 quod
580 1402 643 1474 lege
671 1406 754 1458 16161
784 1404 981 1472 committere,
1017 1403 1083 1463 1661.
1136 1404 1188 1463 01.
1222 1406 1317 1466 Ρ6111.

1136 1501 1170 1578 2,
1197 1505 1233 1578 9,
1262 1504 1315 1571 71.

697 1601 788 1663 1468.

424 1711 488 1768 1166
511 1710 670 1784 quidquam
693 1710 748 1768 tibi
771 1710 894 1783 prodest

172 1813 282 1871 Aerias
306 1818 436 1872 tentasse
459 1815 561 1872 domos
585 1815 744 1887 animoque
767 1815 926 1873 rotundum

259 1916 450 1976 Percurrisse
472 1920 572 1991 polum
595 1919 748 1975 morituro.
795 1911 871 1979 Η61.
895 1918 949 1977 0d.
978 1915 1010 1988 1,
1034 1914 1091 1989 28,
1115 1917 1144 1979 4.

692 2017 785 2081 1469.

175 2121 239 2181 1166
261 2124 399 2186 retinent,
413 2127 534 2198 patulae
557 2126 714 2184 commissa
734 2124 862 2183 fideliter
884 2142 980 2199 611166,
1070 2197 1072 2202 Ι

173 2223 214 2283 Ε1
235 2228 326 2286 661161
349 2229 485 2288 emissum
512 2230 593 2289 volat
614 2228 809 2287 irrevocabile
823 2228 953 2288 verbum.
977 2229 1049 2287 Hor.
1066 2229 1122 2301 Ep.
1142 2227 1167 2299 l,
1189 2226 1239 2301 18,
1255 2228 1309 2293 70.

690 2327 781 2390 1470.

173 2432 237 2491 1166
259 2434 355 2492 6661116
381 2435 533 2505 admittes,
558 2435 584 2493 si
606 2435 769 2495 consoleris
793 2436 928 2506 amicum,

261 2535 399 2597 Mollibus
423 2545 454 2598 et
475 2539 573 2598 verbis
596 2556 704 2613 aspera
725 2537 786 2597 fata
808 2539 895 2598 16166.
942 2538 994 2599 01.
1018 2539 1104 2597 Pont.
1127 2533 1162 2608 3,
1186 2534 1225 2610 6,
1252 2535 1305 2599 13.

689 2636 781 2700 1471.

418 2747 482 2805 1166
503 2761 572 2819 spes
594 2746 659 2821 opis
682 2747 742 2803 ulla
764 2744 897 2804 dabatur.
941 2744 1022 2817 Virg.
1046 2746 1120 2804 Aen.
1144 2740 1179 2816 2,
1206 2740 1283 2808 803.

593 2925 596 2929 .
691 2843 782 2909 1472.

171 2951 233 3009 1166
256 2956 352 3009 tamen
377 2949 474 3010 6111616
500 2960 597 3010 vatum
619 2969 675 3026 per
697 2952 830 3010 carmina
850 2951 928 3010 lacto

256 3054 445 3127 Principibus
468 3073 516 3114 res
540 3063 586 3116 est
607 3057 722 3129 gratior
744 3056 802 3114 nlla
825 3055 906 3114 viris.
952 3053 1003 3115 01.
1027 3056 1112 3116 Pont.
1136 3052 1170 3127 4,
1195 3050 1226 3127 8,
1250 3052 1307 3116 43.

690 3152 780 3218 1473.

171 3261 234 3321 1166
257 3267 354 3320 tamen
379 3262 553 3321 omnimodis
578 3261 716 3320 connecti
739 3277 826 3334 posse
848 3263 1011 3335 putandum
1034 3269 1080 3323 est

174 3363 288 3426 Omnia.
315 3395 352 3405 —
398 3366 518 3426 Lucret.
542 3367 575 3424 R.
599 3366 636 3424 N.
661 3361 697 3435 2,
723 3361 793 3426 700.

690 3465 779 3528 1474.

170 3571 234 3631 1166
256 3577 367 3630 tantum
388 3571 523 3645 iugenio,
548 3576 688 3646 quantum
711 3574 824 3631 6611116
847 3573 942 3632 dolori

257 3673 352 3749 Cogor
375 3682 404 3734 et
426 3675 532 3735 aetatis
554 3680 690 3748 tempora
713 3676 787 3735 dura
809 3679 902 3750 queri.
947 3677 1036 3749 Prop.
1059 3675 1142 3749 Eleg.
1160 3672 1188 3749 l,
1215 3673 1244 3748 7,
1270 3674 1301 3737 7.

688 3774 779 3839 1475.

169 3883 233 3941 1166
256 3884 341 3941 tellus
365 3883 469 3942 eadem
492 3883 573 3955 parit
594 3885 709 3941 omnia:
732 3883 840 3941 vitibus
863 3884 916 3942 illa

256 3985 415 4058 Convenit,
448 3987 521 4046 haec
554 3987 642 4056 61616,
679 3986 736 4044 hac
764 3985 839 4045 bene
867 3985 948 4046 farra
974 3962 1090 4046 virentf
1125 3987 1177 4046 01.
1201 3987 1239 4047 Α.
1263 3989 1301 4049 A.

1168 4085 1200 4162 l,
1227 4087 1302 4152 757.

682 4188 774 4253 1476.

169 4298 232 4356 1166
252 4303 282 4356 16
305 4299 456 4373 poeniteat
479 4298 569 4357 duros
591 4298 717 4357 subiisse
739 4299 856 4357 labores

254 4401 314 4460 Aut
335 4403 420 4475 operi
441 4403 575 4461 insuetas
597 4402 754 4461 atteruisse
777 4419 889 4463 manus.
921 4401 986 4461 Tib.
1011 4402 1092 4476 Eleq.
1118 4400 1150 4471 1,
1175 4400 1214 4474 4,
1243 4399 1295 4464 47.
