2978 5048
560 410 591 424 m
628 324 691 387 203

592 410 765 425 ΛΛΛΜΛΜ

611 516 706 581 2577.

350 623 425 681 Suus
450 624 557 698 cuique
580 624 739 684 attributus
763 631 809 685 cst
831 642 930 685 error:

92 721 247 782 Sedvnon
277 726 425 798 videmus,
454 729 599 788 manticae
629 728 709 803 quod
738 729 769 786 in
792 733 875 801 tergo
903 734 956 787 est.
1001 726 1107 788 catull.
1132 728 1229 789 (larun.

790 872 793 879 .
1094 828 1152 903 22,
1176 826 1227 891 20.

612 927 707 991 2578

351 1037 426 1096 Suus
450 1037 556 1113 cuique
579 1055 651 1099 mos.
696 1041 763 1098 Ter.
787 1039 905 1100 Phorm
929 1033 1001 1098 454.

558 1258 763 1266 -ψ--ψ-

609 1442 704 1506 2579.

91 1550 212 1610 Tabida
234 1551 381 1609 consumit
403 1549 510 1609 ferrum
534 1550 722 1626 lapidemque
745 1558 886 1620 vetustas
963 1620 964 1624 ¹

184 1655 331 1727 Nullaque
354 1670 402 1712 res
424 1657 517 1728 majus
541 1661 674 1728 tempore
698 1656 789 1715 robur
810 1656 909 1715 habet.
979 1737 982 1740 Α

94 1759 217 1831 Scripta
239 1757 339 1815 lerunt
361 1773 463 1816 annos,
489 1787 529 1797 «-
575 1759 626 1817 Ov.
650 1759 736 1819 Pont.
761 1755 796 1830 4,
821 1755 855 1828 8,
879 1754 931 1818 49.

611 1855 706 1920 2580.

90 1966 207 2023 Tacere
230 1964 327 2022 multis
351 1963 475 2022 discitur
497 1963 577 2024 vitae
600 1965 695 2023 malis.
742 1964 810 2024 Scn.
834 1965 955 2038 Thyest.
980 1957 1052 2020 319.

610 2060 703 2127 2581.

91 2170 208 2230 Taedia
231 2188 356 2244 quaere:
379 2170 464 2229 malis
487 2169 599 2229 faciunt
621 2176 652 2229 et
673 2169 773 2230 taedia
795 2170 891 2232 finem.
937 2171 990 2230 Or.
1014 2171 1096 2228 Rern.
1121 2163 1192 2230 539.

611 2266 706 2331 2582.

92 2379 185 2437 Tales
209 2393 279 2450 ergo
303 2376 377 2446 cibi,
401 2376 496 2448 qualis
520 2376 623 2435 dumus
646 2382 736 2451 atque
759 2378 901 2450 supellex.
948 2377 1013 2436 Jnv.
1038 2376 1099 2433 Sat.
1115 2370 1163 2445 11,
1177 2369 1228 2433 99.

612 2474 705 2538 2583.

96 2582 171 2642 Tam
194 2581 279 2642 deest
301 2599 405 2654 avaro,
431 2582 638 2656 queritabat,
669 2600 756 2657 quam
779 2583 858 2658 quod
878 2598 940 2642 non
962 2582 1060 2642 habet.
1105 2585 1139 2642 Ρ.
1162 2583 1229 2657 Syr.

612 2681 707 2744 2584.

100 2790 175 2848 Tam
198 2787 284 2848 facile
308 2796 338 2849 et
360 2805 485 2862 pronum
508 2795 553 2848 est
575 2806 698 2862 superos
721 2795 909 2851 contemnere
931 2795 1032 2859 testes,
1084 2836 1087 2843 .

101 2893 136 2953 Si
158 2893 292 2951 mortalis
315 2892 392 2951 idem
415 2909 500 2951 nemo
524 2887 613 2951 sciat!
636 2922 677 2932 -
722 2893 788 2951 Juv.
813 2894 874 2953 Sat.
903 2890 948 2964 13,
974 2890 1023 2952 75.

612 2992 706 3054 2585.

99 3100 235 3171 Tangere
257 3098 335 3157 enim
360 3105 391 3159 et
412 3100 492 3171 tangi
515 3099 572 3157 nisi
596 3115 704 3173 corpus
726 3101 808 3159 nulla
829 3106 929 3175 potest
949 3117 1006 3159 res.
1050 3100 1168 3157 Lucret.
1193 3097 1228 3156 R.

1033 3203 1070 3261 N.
1097 3197 1131 3271 1,
1156 3194 1229 3258 304.

614 3299 708 3364 2586.
894 3372 897 3378 ,

97 3404 208 3479 Tangit
230 3409 260 3464 et
281 3405 327 3464 ira
350 3406 431 3464 deus.
456 3436 496 3446 -
543 3409 595 3468 Ov.
618 3409 691 3469 Met.
715 3405 749 3482 8,
774 3405 846 3469 279.

613 3506 708 3574 2587.

99 3612 216 3670 Tantae
239 3613 324 3670 molis
349 3616 413 3670 erat
435 3612 597 3673 Romanam
620 3615 747 3697 condere
770 3621 899 3688 gentem!
929 3616 1009 3688 Virg.
1034 3614 1107 3674 Aen.
1134 3613 1160 3686 1,
1178 3610 1228 3674 37.

614 3710 708 3778 2588.

346 3818 444 3876 Tanta
466 3826 513 3877 est
534 3819 642 3880 fiducia
665 3815 791 3881 formae!
836 3822 888 3881 Ov.
912 3821 984 3879 Met.
1009 3816 1045 3891 3,
1069 3815 1142 3878 270.

613 3919 706 3984 2589.

96 4023 196 4081 Tanta
216 4022 248 4081 in
266 4021 436 4082 muneribus
458 4022 575 4084 fiducia.
599 4055 642 4065 -
685 4029 751 4087 Juv.
776 4028 838 4087 Sat.
865 4021 918 4096 10,
943 4017 1016 4086 306.

613 4123 706 4187 2590.

95 4228 240 4287 Tantalus
263 4244 282 4286 a
302 4227 394 4286 labris
418 4228 521 4287 sitiens
544 4230 688 4302 fugientia
710 4236 813 4304 captat

96 4331 246 4391 Flumina.
271 4359 310 4369 -
353 4331 427 4392 Hor.
451 4331 513 4390 Sat.
541 4329 572 4404 1,
599 4331 632 4406 1,
656 4330 707 4398 68.
