2978 5048
618 395 677 460 157

544 483 748 498 ΜΛΝκ-ΛΛΛΝ

592 589 685 652 2014.

53 696 157 766 Quae
185 696 323 755 nocitura
344 703 446 769 teneo,
470 699 601 773 quamvis
624 699 795 770 simeona,
818 698 968 772 relinque:

48 797 200 859 Utilitas
225 800 330 873 opibus
352 802 497 874 praeponi
518 807 650 874 tempore
673 799 767 859 debet.
812 798 874 860 001.
898 801 976 863 Dist.
1001 799 1034 872 1,
1058 796 1088 863 6.

595 898 689 962 2015.

329 1007 410 1079 Quae
442 1025 519 1065 nuuc
550 988 649 1066 ¹animo
678 1007 826 1065 sententia
855 1008 966 1080 surgit?
1021 1009 1102 1082 Virg.
1131 1012 1205 1070 Aen.

1076 1108 1109 1184 1,
1133 1108 1206 1173 582.

594 1208 688 1271 2016.

47 1317 154 1389 Quae
183 1316 265 1389 regio
286 1316 317 1374 in
340 1316 428 1374 terris
451 1317 545 1374 nostri
568 1332 627 1374 non
639 1318 729 1390 plena
740 1317 872 1376 laboris?
904 1311 1204 1391 0001001260,

595 1414 690 1482 2017..

51 1526 203 1599 Quaerit
225 1541 316 1599 aquas
340 1526 370 1583 in
393 1523 477 1597 aquis
501 1528 531 1579 et
551 1539 640 1596 poma
661 1522 778 1596 fugacia
799 1529 900 1596 captat

160 1628 321 1686 Tantalus:
345 1627 402 1684 hoe
422 1627 467 1684 illi
490 1627 610 1698 garrula
631 1627 731 1698 lingna
753 1626 844 1685 dedit.
883 1625 935 1686 01.
959 1629 1022 1686 Am.
1047 1621 1076 1699 2,
1101 1623 1129 1700 2,
1153 1625 1204 1690 43.

160 1751 162 1755 ’
592 1722 686 1785 2018.

51 1835 230 1909 Quaerit.
255 1877 262 1893 .
286 1877 294 1891 .
319 1878 325 1892 .
349 1833 492 1891 rationem
518 1831 641 1890 animus.
667 1861 706 1870 -
751 1830 869 1891 Lucret.
893 1833 927 1892 R.
952 1834 988 1891 N.
1013 1829 1050 1904 2,
1077 1827 1168 1893 1044.

589 1929 683 1994 2019.

326 2040 406 2110 Quae
429 2040 469 2097 sit
491 2038 578 2096 rebus
602 2039 729 2110 fortuna,
753 2039 869 2099 videtis.
900 2041 981 2114 virg.
998 2042 1072 2102 Aen.
1086 2037 1115 2113 2,
1132 2037 1203 2102 350.

590 2136 683 2201 2020.

10 2312 12 2327 ,
54 2249 156 2321 Quae
181 2251 240 2304 tarn
263 2244 338 2304 lesta
360 2244 438 2314 dies,
462 2250 495 2303 ut
517 2252 614 2304 cesset
636 2244 763 2319 prodere
785 2243 886 2317 furem,

54 2348 250 2419 Perfidiam,
273 2347 476 2406 11000001-
520 2349 586 2409 Juv.
612 2349 673 2408 Sat.
701 2343 755 2421 13,
779 2345 829 2406 23.

10 2456 12 2461 ’
588 2446 682 2510 2021.

323 2554 404 2626 Quae
428 2560 512 2612 tanta
541 2555 668 2613 animum
701 2555 850 2615 dementia
883 2557 980 2630 cepit?
1024 2558 1105 2631 Virg.
1129 2559 1202 2618 Aen.

1072 2659 1105 2734 5,
1129 2657 1202 2720 405.

588 2755 681 2819 2022.

323 2863 405 2935 Quae
426 2864 480 2922 tibi
502 2866 582 2924 laeta
603 2866 749 2937 videntur,

160 2965 238 3024 Dum
260 2968 407 3040 10000110,
430 2967 495 3026 fieri
518 2969 616 3027 tristia
637 2985 724 3042 posse
748 2974 829 3042 puta.
874 2968 927 3029 Ov.
952 2970 1038 3029 Pont.
1062 2968 1092 3043 4,
1107 2968 1135 3042 3,
1150 2968 1199 3033 57.

588 3067 681 3133 2023.

64 3175 157 3248 Quae
180 3175 401 3246 1000011010,
424 3175 520 3232 minus
535 3179 582 3233 est
596 3182 720 3249 accepta
733 3179 879 3250 voluptas.
909 3178 960 3236 Ov.
977 3179 1013 3237 A.
1030 3177 1064 3238 A.
1080 3172 1109 3248 3,
1129 3172 1200 3235 603.

586 3274 680 3340 2024.

64 3381 157 3453 Quae
180 3380 273 3439 virtus
298 3387 328 3439 et
351 3388 476 3455 quanta,
499 3382 585 3454 boni,
609 3384 648 3442 sit
670 3385 768 3444 vivere
790 3402 893 3458 parvo,

10 3744 15 3779 ,
63 3692 190 3751 Discite
212 3707 271 3750 non
294 3693 373 3751 inter
395 3694 493 3751 lances
517 3709 691 3768 mensasque
715 3696 850 3755 nitentes.
884 3695 957 3753 Hor.
981 3694 1043 3753 Sat.
1067 3690 1097 3766 2,
1121 3690 1196 3766 2,1.

10 3782 13 3815 ’
587 3793 680 3858 2025.

64 3901 156 3972 Quae
178 3899 278 3970 vobis,
303 3916 377 3974 quae
401 3901 502 3974 digna,
527 3903 596 3973 viri,
620 3919 675 3976 pro
698 3903 806 3961 talibus
830 3904 909 3961 ausis
937 3926 941 3939 ·

64 4004 211 4063 Praemia
232 4019 320 4077 posse
342 4021 412 4064 rear
434 4006 529 4065 solvi?
558 4006 765 4065 Pulcherrima
787 4007 912 4080 primurn

64 4108 109 4166 Di
132 4124 291 4181 moresque
314 4108 426 4168 dabunt
448 4110 547 4169 vestri.
574 4140 609 4149 -
656 4110 737 4182 virg.
760 4110 834 4170 Aen.
859 4106 898 4180 9,
921 4103 993 4168 252.

588 4207 680 4270 2020.

66 4314 195 4386 Qualem
220 4313 415 4384 commendes,
439 4316 527 4374 etiam
550 4321 639 4389 atque
662 4301 751 4375 etiam
774 4315 911 4389 adspice,
936 4332 973 4374 ne
996 4330 1062 4375 mox

65 4418 223 4477 Incutiant
244 4417 342 4476 aliena
364 4418 417 4478 tibi
439 4424 564 4491 peecata
585 4419 737 4491 pudorem.
782 4420 855 4479 Hor.
878 4419 935 4493 Ep.
963 4417 996 4489 1,
1022 4414 1078 4492 18,
1102 4413 1151 4479 70.
