2978 5048
637 326 843 425 ..14

689 518 784 580 2738.

131 626 137 635 ”
174 624 323 685 Utendum
346 629 393 683 est
414 627 527 683 aetate:
551 627 610 685 aito
632 624 709 698 pede
732 625 843 684 labitur
866 631 956 694 aetas,
1075 664 1078 669 Δ

260 728 323 786 Nee
346 727 423 785 bona
446 733 504 785 tam
527 727 673 800 sequitur,
697 743 785 801 qnam
809 728 889 785 bona
911 728 1008 800 prima
1030 726 1092 783 luit.
1140 727 1192 786 Os.
1215 730 1248 787 A.
1268 731 1296 788 A.

1201 827 1235 899 3,
1256 826 1298 886 tt·

691 943 786 1008 2739.

174 1050 267 1110 Utere
290 1051 435 1124 quaesitis
459 1049 580 1123 opibus,
604 1051 670 1124 fuge
690 1068 798 1110 nornen
822 1052 918 1111 avari:

175 1154 252 1225 Quid
274 1155 328 1213 tibi
352 1153 473 1213 divitiae
495 1159 636 1226 prosunt,
660 1158 686 1212 si
708 1170 824 1228 pauper
846 1154 1003 1214 abundas?
1026 1152 1093 1213 (lat.
1110 1154 1189 1214 Dist.
1207 1153 1237 1223 4,
1263 1152 1306 1216 16.

691 1269 786 1332 2740.

172 1375 265 1435 Utere
287 1377 431 1450 quaesitis
456 1375 585 1434 modice:
609 1393 674 1433 eum
698 1381 810 1435 sumtus
832 1375 972 1446 abundat,

175 1477 301 1537 Labitur
323 1478 439 1568 exiguo,
465 1477 543 1552 quod
565 1485 682 1552 partum
699 1484 744 1537 est
758 1484 891 1551 tempure
905 1480 1002 1550 longo.
1036 1477 1099 1538 Cat.
1115 1480 1198 1538 Dist.
1217 1477 1249 1551 2,
1268 1479 1314 1540 17.

691 1593 785 1656 arur.

174 1701 266 1766 utere
289 1676 552 1775 temporibust'-
598 1699 649 1757 ov.
673 1700 763 1789 urat
789 1696 824 1770 4,
849 1696 883 1769 a,
909 1694 959 1757 aa.

689 1813 782 1875 2742,
855 1828 859 1843 ’

424 1921 538 1980 Uterne

174 2025 221 2084 Ad
243 2041 330 2084 casus
354 2025 458 2087 dubios
482 2024 554 2083 fidet
576 2022 633 2080 sibi
657 2023 784 2092 certius,
809 2024 873 2094 hic,
898 2025 949 2098 qui

176 2128 316 2187 Pluribus
339 2128 469 2185 assuerit
491 2132 617 2185 mentem
641 2142 809 2198 corpusque
833 2127 1002 2198 superbum,

174 2233 220 2288 An
246 2231 296 2303 qui
318 2235 473 2289 contentus
496 2245 588 2304 pauo
611 2233 805 2300 metuensque
828 2227 918 2286 futuri
963 2304 965 2311 Ι
1076 2308 1078 2313 Α

174 2335 209 2392 Ι1
232 2349 321 2406 pace,
346 2338 379 2390 ut
402 2332 535 2405 sapiens,
560 2331 671 2404 aptarit
693 2329 801 2390 idonea
823 2331 921 2389 bello?
961 2331 1034 2389 Hor.
1059 2331 1120 2390 Sat.
1147 2327 1180 2402 2,
1196 2328 1227 2403 2,
1248 2328 1317 2390 107.

690 2443 785 2506 2743.

174 2518 349 2629 Uerrugine
372 2555 496 2628 graues,
520 2553 626 2613 interit
647 2553 694 2610 nu
715 2568 807 2628 mora.
855 2551 906 2610 ov.
930 2530 965 2612 A}
989 2553 1026 2611 n.
1053 2551 1087 2624 r,
1111 2549 1189 2612 374.

691 2666 783 2730 2744.
946 2744 949 2749 ¹

421 2775 543 2835 Utilitas
574 2775 648 2848 justi
679 2791 773 2847 prope
803 2744 899 2832 rnater
931 2782 961 2834 et
992 2777 1087 2848 aequi.
1142 2776 1220 2834 Hor.
1255 2778 1314 2836 Sat.

1140 2873 1174 2948 1,
1200 2876 1239 2948 3,
1265 2876 1314 2937 98.

689 2991 782 3053 2745.

174 3101 285 3160 Utilius
309 3099 420 3158 homini
444 3099 519 3156 nihil
541 3104 586 3156 est
611 3115 697 3172 quam
720 3103 802 3156 recte
824 3098 922 3172 luqui:
1010 3177 1014 3181 ,

174 3203 334 3261 Probanda
356 3204 470 3259 eunetis
495 3207 541 3259 est
565 3200 682 3275 quidum
706 3201 864 3267 sententia,

175 3304 234 3364 Sed
255 3303 292 3362 ad
315 3305 478 3378 perniciem
501 3305 577 3362 solet
600 3304 647 3375 agi
671 3302 837 3373 sinceritas,
885 3303 1012 3360 Phaedr.
1037 3303 1108 3362 Fab.
1135 3301 1171 3376 4,
1207 3303 1265 3381 12,
1293 3307 1316 3366 1,

691 3415 785 3479 2746.

172 3525 213 3584 171
224 3526 361 3611 jugulent
373 3524 516 3593 homines,
539 3529 665 3597 surgunt
679 3523 715 3582 de
732 3528 818 3583 noete
836 3501 977 3599 latrones.
1001 3525 1073 3585 Hor.
1090 3525 1152 3600 Ep.
1174 3490 1202 3600 1,
1220 3525 1253 3600 2,
1269 3526 1317 3590 32.

694 3655 786 3718 2747.

420 3759 598 3832 Ut-rnelius‚
622 3763 766 3837 quidquid
789 3764 857 3834 erit,
880 3758 961 3837 pati!
983 3764 1056 3823 Hor.
1081 3763 1138 3824 O-d.
1169 3764 1196 3838 1,
1223 3768 1275 3840 11,
1291 3767 1318 3827 3.

689 3874 785 3959 2748.

172 3982 214 4042 Ut
235 3989 343 4043 natura
366 3982 464 4055 dedit,
487 3986 530 4042 sie
553 3984 647 4043 omnis
670 3989 755 4044 reeta
776 3985 879 4060 figura.
919 3986 1018 4059 Prou—
1035 3986 1118 4061 Eleg.
1146 3983 1317 4064 2,14,23.

686 4096 781 4162 2749.

172 4202 213 4262 Ut
235 4218 320 4262 uerno
343 4205 376 4262 in
397 4221 463 4264 sese
485 4211 580 4265 tentat
603 4196 794 4277 descendere,
817 4223 913 4274 nemu,
1211 4264 1216 4271 ,

175 4304 234 4367 Sed
255 4307 448 4393 prnqoedeuti
471 4313 624 4382 spectatur
646 4308 777 4368 mantica
800 4315 896 4384 tergo!
931 4310 1015 4369 Pers.
1040 4309 1104 4370 Sat.
1131 4308 1171 4385 4,
1199 4309 1253 4373 23.
