2948 5040
636 368 840 467 Αἱ...

686 557 776 621 1275.

419 667 519 725 Minus
543 674 588 725 est
611 668 728 724 insania
749 667 854 739 turpis.
899 667 965 726 Jnv.
990 668 1050 728 Set.
1075 663 1111 737 2,
1136 665 1186 724 71.

686 779 777 845 1276.

417 888 517 948 Minus
539 889 686 962 gaudent,
721 891 770 963 qui
799 889 923 947 timuere
950 890 1034 948 nihil.
1078 889 1167 950 Mart.
1190 891 1299 963 Epigr.

1110 991 1164 1063 11,
1188 988 1250 1064 36,
1276 991 1307 1051 4.

695 1107 785 1168 1277.

169 1211 269 1270 Minus
291 1215 405 1286 placet,
430 1213 509 1287 quod
532 1215 746 1272 eensnadetnr:
770 1213 848 1288 qued
872 1213 1076 1283 dissuadetur,
1107 1217 1215 1288 piacet.

171 1313 242 1372 Gurn
265 1316 369 1388 inopia
382 1323 452 1385 est,
477 1318 595 1390 cupias:
627 1317 745 1391 quando
768 1319 831 1390 ejus
855 1318 942 1390 eopia
964 1325 1026 1388 331,
1049 1325 1111 1376 turn
1135 1335 1193 1376 non
1219 1321 1305 1377 velis.

905 1422 1001 1479 Plaut.
1025 1421 1105 1478 Trin.
1129 1417 1164 1492 3,
1188 1419 1226 1490 2,
1250 1418 1304 1480 44.

686 1535 776 1597 1278.

688 1982 780 2046 12811.

170 2087 353 2161 Mirarisque
375 2089 467 2160 elius,
501 2106 566 2148 eum
589 2090 630 2147 sis
654 2090 798 2149 mirabilis
822 2093 895 2162 ipse.
941 2087 994 2146 Or.
1016 2088 1103 2146 Pone
1127 2082 1165 2156 2,
1189 2083 1228 2158 5,
1252 2084 1305 2148 39.

688 2204 779 2266 1281.

169 2310 872 2371 111113313113111111331331131113311311113.
916 2312 1014 2370 Pleut.
1036 2311 1111 2370 Rud
1136 2304 1171 2378 3,
1208 2307 1244 2377 1,
1277 2307 1305 2370 1.

690 2410 781 2473 1282.

418 2517 584 2578 Miscentur
605 2518 705 2576 tristia
726 2519 823 2578 luetis.
867 2518 920 2576 Or.
944 2519 1026 2576 Fast.
1050 2512 1088 2585 6,
1112 2509 1186 2574 463.

687 2615 778 2680 1283.

419 2722 532 2783 Misere
544 2726 696 2798 estmagni
712 2723 848 2782 custodia
859 2739 972 2782 census.
1001 2722 1067 2781 dur.
1084 2722 1146 2782 Sat.
1161 2719 1210 2790 14,
1224 2717 1300 2781 3114.

689 2822 780 2884 1284.

419 2929 566 2989 Miserere
588 2932 708 3003 inopum
731 2933 888 2988 sociorum.
933 2929 1000 2988 Jnr.
1025 2928 1086 2987 Sat.
1110 2922 1145 2998 8,
1170 2922 1224 2985 89.

688 3028 778 3093 1285.

171 3134 267 3194 Miser
289 3140 469 3209 expetente
490 3135 538 3206 61,
562 3152 598 3195 ex
620 3137 729 3195 misero
750 3142 866 3210 potens.
912 3135 980 3195 Sen.
1003 3135 1115 3209 Thyest
1136 3129 1187 3193 35.

691 3230 782 3298 1286.

172 3341 267 3400 Miser
287 3342 374 3401 homo
405 3349 464 3411 est,
488 3343 539 3416 qui
560 3343 644 3415 ipsus
667 3342 739 3413 sibi,
764 3343 843 3417 quod
865 3343 941 3412 edit,
971 3342 1087 3414 quaerit
1108 3346 1138 3400 31
1159 3341 1191 3398 id
1215 3357 1308 3414 aegre

1174 3444 1306 3504 invenit:

173 3549 232 3608 Sed
253 3550 304 3608 ille
327 3554 373 3606 est
394 3549 547 3619 miserior,
572 3551 622 3623 qni
645 3556 675 3607 31
697 3564 785 3622 aegre
809 3548 926 3621 quaerit
948 3554 978 3604 31
1001 3547 1075 3605 nihil
1097 3548 1224 3608 invenit.

172 3652 227 3710 1113
249 3653 448 3710 misserrimus
472 3657 527 3722 est,
551 3653 612 3726 qni,
636 3669 700 3710 eum
723 3667 789 3711 esse
812 3651 911 3724 eupit,
936 3650 1015 3724 quod
1032 3650 1103 3723 edit,
1124 3668 1184 3708 non
1202 3652 1303 3713 habet„

917 3753 1015 3811 eraut.
1039 3751 1124 3826 capt.
1148 3747 1185 3824 3,
1213 3751 1249 3829 1,
1278 3753 1304 3816 1.
1343 3716 1347 3835 1

170 1641 250 1701 Mira
273 1644 386 1716 loquor.
411 1673 448 1682 -
497 1643 549 1703 Or.
572 1643 645 1701 Met.
671 1640 707 1712 7,
731 1637 803 1702 549.

170 1864 320 1923 Mirantur
339 1866 472 1940 justique
493 1882 581 1924 senes
600 1865 795 1941 trepidaeque
818 1866 944 1939 puellae.
991 1866 1043 1924 Ov.
1067 1866 1138 1925 Her.
1166 1862 1198 1935 1,
1224 1859 1277 1924 29.

691 3850 781 3916 1287.

421 3962 561 4022 Miserius
583 3967 747 4035 properent
769 3977 837 4018 suas

173 4064 285 4123 Audire
306 4065 417 4123 miseri.
439 4093 481 4103 -
525 4065 593 4124 Seu.
616 4067 705 4126 Here.
729 4065 793 4124 Oet.
818 4057 890 4120 754.

691 4161 781 4227 1288.

420 4270 542 4329 Miseris
565 4272 708 4329 coelestin
728 4271 848 4329 numina
869 4276 1005 4343 pareunt,

173 4374 237 4432 Nee
259 4390 377 4448 semper
397 4375 494 4433 133333
516 4379 547 4434 31
569 4375 634 4433 siue
655 4374 715 4434 fine
735 4379 884 4447 premunt
928 4373 981 4432 Or.
1004 4373 1089 4432 Pone
1113 4369 1143 4444 3,
1167 4369 1197 4444 6,
1222 4372 1276 4438 21.
