2978 5048
708 365 770 431 275

636 447 841 462 ΛΝΊΝῌᾺΑΛΔ

377 547 522 617 aliquando
551 547 621 602 redit
638 549 720 603 2236:
746 565 843 616 magna
864 549 950 601 virtus
974 548 1132 601 immortalis
1160 554 1202 602 est
1227 549 1302 602 1739.

377 635 459 687 2160:
478 635 506 686 in
525 633 639 699 pulchro
659 649 774 701 corpore
793 636 924 703 majorem
942 634 1055 700 gratiam
1073 633 1156 687 habet
1174 633 1236 687 786:
1255 651 1302 701 pa·

377 727 484 772 rentum
502 719 587 770 virtus
606 719 708 784 optima
725 718 872 772 liberorum
891 718 1030 771 hereditas
1048 718 1106 772 469.

167 807 221 864 Vis
240 806 284 876 [cf.
303 805 401 859 Ardor.
420 803 551 872 iujurial:
568 818 646 856 nemo
666 818 682 856 a
699 804 725 855 vi
743 810 818 858 tutus
837 804 954 857 est251:
974 820 1086 872 regnum
1102 804 1141 857 vis
1162 805 1302 858 continere

379 890 424 943 diu
441 890 535 957 nequit
552 888 611 941 565.
646 887 728 941 2835:
753 888 858 941 consilii
878 904 975 956 expers
993 890 1064 943 mole
1082 904 1132 942 sua
1149 892 1203 943 ruit
1220 891 1303 944 2853:

378 981 530 1042 temperata
546 976 585 1027 vis
605 990 621 1027 a
639 974 689 1027 deo
710 981 823 1041 augetur
840 973 915 1027 2853.

167 1062 238 1120 Vita
257 1061 301 1132 [cl.
320 1061 474 1128 Homines]:
498 1060 589 1112 brevis
614 1066 657 1113 ost
675 1066 756 1125 atque
775 1060 880 1112 incerta
899 1059 1015 1127 ideoque
1035 1061 1094 1128 ojus
1113 1060 1211 1128 gaudia
1230 1061 1300 1114 cele-

377 1147 444 1199 riter
461 1145 627 1212 perfruenda
645 1152 708 1197 sunt
726 1144 766 1197 37.
804 1145 862 1197 119.
899 1141 1046 1198 2161217.
1072 1147 1130 1199 219.
1155 1146 1214 1199 428.
1241 1146 1300 1200 465.

371 1232 430 1284 488.
456 1231 515 1283 518.
552 1230 610 1285 689.
642 1230 700 1282 743.
728 1230 787 1283 922.
819 1229 890 1283 1106.
917 1230 992 1283 1163.
1022 1229 1095 1284 1503.
1124 1231 1199 1285 1682.
1225 1231 1300 1285 1868.

377 1317 452 1369 1992.
488 1315 565 1368 2193.
601 1315 676 1367 2205.
712 1314 788 1368 2536.
816 1316 891 1368 2676.
918 1315 994 1368 2738.
1019 1317 1095 1370 2855.
1119 1318 1195 1372 2864.
1220 1318 1301 1371 2865:

377 1403 432 1454 vita
450 1409 545 1455 nostra
564 1401 605 1454 dei
626 1400 724 1453 donum
744 1407 786 1453 est
803 1399 867 1452 895:
888 1400 957 1453 vitae
977 1404 1093 1468 spatium
1112 1404 1234 1470 ampliari
1253 1419 1302 1470 po-

376 1494 431 1541 test
458 1487 503 1539 68:
527 1502 605 1538 nemo
631 1487 697 1538 sotis
723 1487 813 1538 vivere
839 1492 972 1551 properat
998 1486 1079 1541 1993:
1105 1489 1186 1542 hodie
1211 1489 1300 1541 vivore

377 1579 511 1625 memento
536 1571 594 1623 906.
631 1570 689 1622 908.
725 1569 808 1623 1784:
833 1571 914 1623 vitam
938 1571 1046 1640 longam
1071 1588 1149 1627 nemo
1169 1574 1220 1626 sibi
1238 1588 1301 1641 pro·

376 1661 483 1711 mittere
504 1656 585 1709 debet
604 1654 680 1708 2610.
699 1655 783 1707 2857:
802 1656 845 1708 vel
862 1657 953 1709 vivere
973 1659 1081 1711 omuino
1100 1674 1182 1726 saepe
1202 1659 1301 1712 donum

377 1751 423 1796 ost
441 1743 521 1795 1134:
545 1741 666 1808 perfecte
690 1741 799 1794 beatum
817 1741 844 1793 in
863 1756 893 1793 se
911 1741 976 1794 nihil
996 1743 1080 1795 habet
1104 1744 1184 1796 1516:
1213 1743 1301 1811 qualis

375 1830 430 1882 vita
449 1826 566 1895 optanda
585 1828 621 1880 sit
638 1827 696 1879 tilii.
734 1826 810 1879 1237.
835 1825 917 1879 2859:
936 1842 990 1879 nou
1009 1828 1099 1880 uivere
1119 1829 1227 1882 omnino
1246 1831 1303 1882 vita

376 1921 426 1981 est,
446 1913 494 1966 sed
512 1915 603 1967 valere
622 1914 704 1966 1617:
723 1919 830 1965 mortua
846 1912 998 1965 vitamortc
1010 1913 1071 1979 ipsa
1086 1912 1206 1967 deterior
1220 1914 1301 1967 1334:

376 2001 431 2052 vita
448 2016 502 2052 non
526 2000 644 2066 gloriosa
670 2016 729 2052 cum
754 2004 840 2050 morto
866 1998 982 2050 hominis
1011 1998 1147 2051 oblivione
1178 1997 1302 2051 obruitur

376 2084 439 2137 557:
459 2085 557 2137 divitiis
575 2085 699 2152 plerique
717 2085 797 2136 vitam
815 2089 985 2150 postponunt
1002 2083 1082 2136 2390:
1102 2098 1233 2136 summum
1252 2084 1300 2136 bo·
1337 2148 1345 2160 Ι,

377 2187 439 2223 num
466 2187 520 2223 uon
550 2177 592 2223 ost
614 2169 689 2222 1445.
724 2169 805 2221 2565:
833 2166 970 2220 horrenda
999 2169 1083 2221 multa
1104 2169 1131 2221 in
1157 2169 1212 2222 vita
1239 2176 1302 2223 sunt
1337 2162 1348 2177 ''

376 2257 459 2309 2009:
485 2255 638 2308 hominibus
664 2254 722 2306 sino
749 2255 924 2307 contentione
948 2253 1014 2306 nihil
1039 2253 1084 2306 dat
1108 2253 1182 2308 1424.
1219 2255 1302 2308 1554:

334 2384 336 2388 .
376 2341 542 2394 intenebris
562 2347 687 2394 versatur
711 2337 785 2391 1776.
823 2337 1121 2391 1821:vitaali0rum
1148 2340 1300 2393 nobismo-

375 2428 460 2493 gistra
483 2426 541 2479 675.
577 2425 635 2478 884.
672 2424 730 2477 997.
767 2421 848 2475 2856:
876 2423 934 2476 siue
961 2423 1082 2476 doctrina
1107 2426 1162 2476 vita
1185 2430 1302 2478 nonest

374 2512 463 2565 vitalis
486 2512 549 2564 998:
578 2514 622 2578 qui
649 2510 719 2563 bene
746 2515 857 2574 coenat,
884 2508 907 2559 is
936 2508 1005 2561 bene
1029 2510 1094 2562 vivit
1119 2510 1201 2562 2435:
1229 2510 1300 2562 vitae

374 2596 508 2649 fructibus
535 2611 672 2662 nunquam
700 2595 829 2647 satiamur
857 2593 941 2646 lssssd:
975 2594 1008 2646 ad
1039 2594 1187 2661 degendam
1219 2596 1299 2646 vitam

374 2697 462 2748 pauca
480 2681 618 2735 sufficiunt
635 2680 694 2733 332.
713 2679 771 2732 442.
796 2679 876 2731 2337:
895 2680 976 2731 vitam
994 2695 1078 2745 parvo
1097 2679 1195 2746 degero
1214 2681 1300 2732 virtus

376 2767 508 2820 est2024:
527 2767 729 2820 immodicorum
742 2765 904 2817 brevisuto:
924 2765 990 2817 nihil
1002 2766 1054 2818 nisi
1074 2779 1176 2832 aequus
1196 2766 1300 2817 animus

376 2867 444 2918 opus
464 2859 519 2919 est,
538 2858 568 2904 ut
587 2852 656 2904 bone
675 2851 730 2903 vita
748 2859 843 2918 agatur
861 2850 944 2902 2459:
963 2851 1062 2903 virtute
1081 2852 1135 2903 vita
1154 2851 1299 2917 tranquilla

375 2952 406 2990 ac
425 2953 521 2990 secura
540 2937 570 2990 fit
594 2936 674 2989 ί241οε
701 2936 755 2989 vita
781 2943 893 3002 peraeta
917 2936 1038 2988 contenti
1063 2937 1216 3002 paucissimi
1235 2941 1299 2989 sunt

339 3019 342 3028 '
374 3023 440 3075 943:
458 3024 565 3076 miseris
584 3023 676 3088 longa,
695 3021 782 3073 beatis
801 3022 890 3073 breuis
910 3036 970 3074 osse
989 3020 1096 3073 videtur
1115 3022 1177 3073 560:
1206 3023 1233 3073 iu
1252 3021 1298 3074 ad-

374 3110 459 3161 versis
480 3110 560 3161 vitam
579 3114 752 3161 contemnere
770 3104 850 3158 facile
867 3114 909 3159 ost
922 3105 1002 3158 2264:
1023 3107 1067 3173 qui
1080 3107 1158 3158 vitam
1179 3115 1299 3159 coutem-

374 3194 422 3258 nit,
440 3201 552 3246 mortem
571 3193 646 3246 nullo
665 3199 744 3258 pacto
763 3191 951 3244 metuit1372:
972 3191 1097 3258 quandiu
1116 3193 1178 3259 vita,
1198 3193 1299 3245 tamdiu

375 3290 439 3342 spes
463 3278 544 3331 1306:
570 3295 585 3331 a
613 3277 693 3330 solita
711 3275 817 3328 vivendi
836 3277 941 3329 ratiouc
960 3277 1078 3330 libenter
1098 3294 1175 3331 nomo
1195 3278 1299 3330 recedit

374 3361 455 3416 2345:
480 3365 565 3417 multa
583 3366 610 3416 in
628 3364 683 3416 vita
701 3367 796 3415 nostra
819 3367 958 3414 mutantur
982 3362 1061 3415 1390:
1090 3363 1164 3415 varia
1190 3370 1231 3416 ost
1257 3364 1296 3416 11,

374 3447 431 3500 704.
467 3449 550 3502 2762:
576 3449 659 3502 multo
687 3448 749 3514 plus
773 3448 800 3499 in
818 3448 872 3499 vita
891 3447 1021 3537 malorum
1043 3464 1121 3514 quam
1140 3449 1297 3514 gaudiorum

373 3540 415 3586 cst
432 3534 508 3587 1704.
546 3536 621 3588 1940.
657 3533 732 3585 2335.
768 3532 848 3585 2393:
881 3549 959 3586 cremo
986 3534 1100 3586 alterum
1119 3535 1224 3601 privare
1244 3536 1298 3586 vita

373 3620 468 3686 nequit
485 3620 549 3672 521:
576 3626 649 3672 recte
669 3618 811 3671 vivendum
830 3625 883 3687 est,
911 3634 944 3672 ne
970 3619 1051 3671 ullius
1071 3619 1186 3672 hominis
1205 3620 1297 3688 lingua

370 3705 450 3758 nobis
469 3705 589 3758 timenda
607 3707 642 3758 sit
659 3705 734 3757 2866.

165 3787 272 3843 Vitium
298 3787 342 3856 [cl.
362 3789 454 3857 Culpa.
490 3790 630 3857 Mundael:
659 3790 692 3842 ad
719 3791 783 3842 vitia
807 3804 914 3856 semper
942 3795 969 3843 et
995 3789 1028 3842 ad
1047 3791 1157 3844 vetitum
1176 3791 1299 3843 homines

370 3877 501 3942 propensi
526 3885 590 3928 sunt
611 3876 652 3928 49.
689 3875 747 3927 132.
782 3874 841 3927 460.
879 3876 952 3928 1568.
990 3876 1066 3929 2130.
1103 3877 1179 3930 2215.
1215 3876 1299 3929 2808:

370 3962 441 4012 vitiis
460 3976 552 4013 omncs
573 3962 666 4014 imbuti
685 3968 749 4014 suut
773 3961 848 4013 1432.
880 3960 955 4013 2498.
991 3962 1073 4014 2715:
1101 3962 1214 4015 aliorum
1234 3964 1299 4016 uitia

373 4062 484 4100 cernerc
505 4054 533 4100 et
551 4063 663 4100 consere
683 4048 816 4113 solemne,
835 4046 908 4099 haud
926 4053 1020 4100 nostra
1038 4047 1096 4100 336.
1133 4048 1215 4100 astla:
1235 4049 1299 4101 vitia

370 4134 544 4185 maximorum
564 4134 700 4186 homiuum
720 4134 827 4185 minima
846 4147 906 4184 esse
927 4131 1005 4185 (locet
1016 4132 1090 4186 1446.
1110 4132 1184 4186 1779.
1205 4134 1296 4186 vitium

336 4250 338 4254 >
370 4218 465 4284 sugere
485 4219 569 4271 virtus
589 4218 724 4271 attacta:
744 4235 838 4272 aurum
851 4234 882 4270 ac
894 4234 1016 4287 purpura
1034 4220 1151 4272 omnium
1171 4220 1296 4272 vitiorum

369 4317 452 4355 causo
470 4302 528 4355 153.
564 4303 622 4355 942.
660 4303 741 4356 1226:
765 4303 882 4371 tegendo
902 4303 984 4357 alitur
1001 4303 1048 4356 48:
1076 4305 1192 4359 votando
1213 4321 1296 4373 saepe
