2978 5048
541 356 746 456 abab.

594 546 683 608 1429.

325 651 401 708 Nam
423 656 454 709 tu
478 652 589 721 [Musa]
614 655 723 711 solatia
745 651 882 725 praebes,

154 754 207 811 Tu
232 770 321 812 curae
344 755 472 827 requies,
496 761 528 812 tu
550 755 697 814 medicina
718 757 810 814 venis.
842 754 894 813 Ov.
911 754 1000 814 Trist.
1019 749 1112 826 nlo,
1133 751 1203 813 117.

593 852 684 916 1430.

324 960 398 1018 Nam
422 967 505 1019 vatus
528 961 647 1020 verbum
671 962 727 1019 boo
750 961 867 1034 quidem
889 966 935 1019 est

39 1058 250 1119 Communia
272 1078 336 1119 esse
360 1063 520 1121 amicorum
542 1065 622 1122 iuter
645 1082 676 1121 se
698 1065 805 1124 omnia.
850 1065 918 1122 Ter.
941 1063 996 1121 Ad.
1021 1055 1094 1122 803.

593 1160 683 1226 1431.

40 1267 137 1324 Nam
175 1267 317 1338 vigilasse
351 1268 414 1326 leve
449 1273 509 1335 est,
539 1271 718 1343 pervigilare
746 1286 844 1341 grave.
875 1275 930 1326 est.
975 1269 1063 1326 Mart.
1098 1269 1201 1341 Epigr.
1269 1329 1271 1333 ,

1012 1368 1046 1442 9,
1070 1367 1128 1442 68,
1154 1366 1202 1429 10.

593 1469 683 1532 1432.

10 1572 14 1583 ’
54 1574 136 1633 Nam
166 1575 254 1632 vitiis
277 1591 361 1633 nemo
383 1577 447 1634 sine
470 1579 614 1647 nescitum
638 1578 765 1651 optimus
788 1577 839 1636 ille
862 1582 917 1645 est,

60 1675 118 1749 Qui
143 1677 284 1734 minimis
307 1685 436 1751 urgetur.
462 1709 503 1718 -·
545 1682 618 1739 Hor.
643 1681 704 1740 Sat.
732 1678 766 1750 1,
790 1675 825 1750 3,
848 1672 899 1738 68.

20 1798 24 1855 j
593 1779 683 1841 1433.

53 1882 242 1941 Nascentes
265 1884 416 1955 morimur,
445 1885 573 1961 finisque
596 1887 632 1947 ab
655 1886 768 1958 origiue
790 1886 908 1958 pendet.
953 1884 1058 1944 Manil.
1081 1887 1201 1946 Astron.

1092 1986 1127 2060 4,
1154 1985 1201 2046 16.

594 2086 684 2149 1434.

53 2191 217 2251 Nascitur
240 2191 376 2264 exiguuS,
400 2193 453 2251 sed
475 2210 547 2266 opes
571 2195 700 2269 acquirit
722 2194 829 2265 eundo,

142 2295 285 2371 *Quaque
308 2297 397 2365 venit,
420 2298 526 2356 multas
550 2298 659 2370 accipit
681 2298 775 2356 amuis
791 2313 892 2370 aquas.
916 2297 968 2356 Ov.
983 2297 1019 2355 A.
1034 2297 1070 2355 A.
1085 2292 1113 2367 2,
1130 2292 1202 2359 343.

593 2396 685 2458 1435.

53 2504 207 2562 Naturae
231 2502 366 2574 sequitur
388 2503 501 2561 semina
524 2503 650 2577 quisque
673 2521 753 2563 suae.
798 2505 887 2577 Prop.
910 2503 994 2576 Eleg.
1019 2499 1048 2573 3,
1072 2500 1100 2574 7,
1125 2499 1176 2562 20.

595 2601 684 2667 1436.

24 2758 28 2765 .
58 2710 218 2768 Naturam
241 2707 396 2767 abscondit
417 2709 585 2781 improbus,
608 2726 673 2768 oum
695 2715 776 2768 reete
799 2709 877 2768 faoit.
922 2709 956 2768 P.
981 2709 1045 2784 Syr.

593 2807 684 2872 1437.

58 2916 217 2974 Naturam
234 2914 361 2988 expellas
382 2913 474 2985 furca,
497 2920 595 2974 tamen
608 2932 700 2990 usque
710 2921 851 2975 recurret.
880 2917 953 2974 Hor.
965 2916 1021 2989 Ep.
1039 2912 1065 2985 1,
1084 2912 1133 2988 lo,
1149 2910 1201 2974 24.

594 3013 684 3078 1438.

324 3120 467 3181 Naturam
482 3127 597 3181 mutare
611 3123 738 3196 pecunia
749 3123 854 3181 nescit.
882 3125 955 3182 Hor.
969 3123 1026 3196 Ep.
1043 3120 1068 3193 1,
1085 3119 1133 3193 12,
1150 3118 1199 3180 lo.

592 3220 682 3283 1439.

54 3328 184 3389 Navita
206 3323 243 3383 de
265 3325 376 3396 ventis,
400 3326 436 3384 de
458 3329 551 3386 tauris
574 3336 677 3388 narrat
699 3335 813 3398 arat0r;

54 3432 240 3493 Enumerat
261 3429 346 3487 miles
370 3432 507 3503 vulnera,
532 3439 636 3504 pastor
657 3449 735 3492 oves.
779 3433 868 3505 Prop.
891 3432 976 3505 Eleg.
1000 3425 1030 3503 2,
1057 3428 1082 3501 1,
1107 3427 1156 3490 43.

594 3531 683 3594 1440.

325 3635 388 3694 Nec
410 3653 515 3696 census
539 3656 594 3698 uec
616 3643 727 3699 clarum
750 3654 856 3697 nomen
878 3652 1007 3707 avorum,

230 3738 287 3798 Sed
310 3739 443 3813 probitas
465 3757 586 3813 magnos
615 3743 823 3817 ingeniumque
850 3740 930 3800 facit.
987 3741 1040 3800 Or.
1062 3741 1148 3800 Pout.
1175 3736 1201 3808 1,

1091 3839 1126 3916 9,
1150 3839 1201 3904 39.

594 3944 684 4006 1441.

53 4053 129 4112 Nec
158 4048 276 4106 coelum
299 4053 434 4122 spectare
456 4050 540 4122 licet,
563 4051 615 4110 sed
637 4067 733 4124 prona
755 4056 892 4108 senectus
911 4115 912 4118 ¹

157 4152 296 4224 Terram,
320 4169 339 4210 a
361 4169 420 4226 qua
442 4155 543 4225 genita
566 4160 612 4212 est
634 4160 664 4213 et
686 4153 838 4225 reditura,
860 4152 949 4211 videt.

51 4260 182 4332 Fitque
204 4255 318 4329 tripes,
339 4271 460 4328 prorsus
484 4256 664 4333 quadrupes,
689 4262 722 4315 ut
743 4257 883 4330 parvulus
902 4255 1009 4329 infans,

155 4360 200 4420 Et
223 4376 279 4434 per
300 4359 465 4420 sordentem
482 4389 522 4400 -
536 4359 634 4420 flebile
646 4389 688 4400 -
702 4361 797 4434 serpit
818 4359 946 4420 humum.
