2978 5048
647 414 792 429 sfill!·rae'
806 416 835 430 ’Κ

706 523 779 586 toa

180 634 243 705 Ego
266 649 333 691 csse
355 635 494 691 miserum
508 632 608 702 credo,
631 633 681 689 cui
700 634 802 704 placet
825 648 921 689 nemo.
944 633 1032 692 Mart
1048 633 1151 705 Epigr.
1167 629 1197 703 5,
1212 625 1265 702 28,
1277 627 1312 690 9.

706 731 780 793 510.

180 841 281 912 Eheu,
304 840 442 912 fugaces,
464 839 618 908 Postume,
642 839 790 908 Postume,

180 944 335 1004 Labuntur
356 943 442 1012 anni,
465 958 521 999 nec
541 942 637 1014 pietas
659 959 772 1000 moram

265 1047 357 1120 Rugis
380 1052 410 1103 11
431 1044 553 1102 instanti
575 1053 712 1104 senectae

335 1149 447 1208 Afferet
467 1146 686 1220 indomitaeque
709 1147 807 1204 morti.
854 1147 927 1205 Hor.
951 1146 1005 1206 Od
1029 1143 1065 1216 2,
1094 1144 1148 1217 14,
1174 1145 1200 1205 1.

702 1246 775 1307 511.

179 1356 276 1414 Emtis
298 1353 378 1428 quod
400 1354 483 1412 libris
506 1353 561 1411 tibi
583 1353 765 1412 bibliotheca
787 1353 898 1411 referta
919 1360 973 1414 est.

264 1458 391 1516 Doctum
414 1463 444 1515 et
465 1458 682 1529 grammaticum
704 1464 751 1526 te,
775 1457 965 1526 Philomuse,
987 1463 1096 1529 putas?

179 1561 244 1619 Hoc
267 1577 374 1633 genere
396 1566 426 1618 et
449 1560 575 1618 chordas
598 1567 629 1618 et
649 1561 764 1632 plectra
786 1567 816 1617 et
838 1559 956 1618 barbita
979 1561 1089 1619 conde:

265 1662 372 1722 Omnia
393 1669 550 1734 mercatus,
572 1679 638 1721 cras
661 1662 851 1721 citharoedus
867 1664 936 1722 eris.
970 1666 1080 1722 Ansou.
1093 1665 1195 1738 Epigr.
1209 1661 1261 1736 44,
1284 1662 1313 1723 1.

706 1761 777 1824 512.
900 1757 902 1761 ’

177 1868 235 1939 Ε1,
259 1869 348 1927 etiam
370 1874 472 1940 partes
494 1869 679 1928 conciliantis
703 1885 768 1941 ago.
814 1870 865 1928 Ov.
891 1871 972 1930 Rem.
997 1866 1068 1930 624.

708 1969 779 2029 513.

179 2074 226 2133 Ε1
256 2074 353 2146 labor,
383 2090 420 2134 eu
451 2074 528 2132 odiis
556 2081 645 2147 caput
671 2075 871 2148 insuperabile
900 2077 1026 2134 nostris!
1077 2078 1175 2137 Valer.
1206 2079 1313 2139 Flacc.

1040 2180 1149 2253 Argon.
1174 2177 1209 2252 3,
1234 2177 1312 2244 510.

501 2334 505 2341 .
707 2276 779 2336 514.

177 2383 240 2455 Ε1,
262 2384 395 2458 perfecta
417 2383 471 2442 tibi
493 2383 572 2442 bello
595 2381 746 2441 discordia
767 2383 861 2441 tristi!
906 2386 987 2458 Virg.
1012 2386 1087 2446 Aen.
1111 2382 1144 2461 7,
1168 2384 1241 2447 545.

705 2482 778 2546 515.

177 2590 290 2649 Eodem
313 2589 409 2649 animo
431 2588 607 2650 beneficium
630 2589 763 2660 debetur,
788 2607 846 2664 quo
870 2591 965 2653 datur.
1009 2595 1043 2653 P.
1068 2594 1130 2666 Syr.

705 2688 777 2752 516.

425 2796 511 2870 Equo
535 2813 573 2854 ne
597 2797 724 2867 credite,
748 2797 871 2855 Teucri:

179 2900 329 2975 Quidquid
351 2900 382 2958 id
404 2905 458 2971 est,
482 2901 571 2958 timeo
595 2899 715 2959 Danaos
740 2905 770 2957 et
784 2900 1008 2962 donaterentes.
1038 2900 1310 2978 vnguentis

703 2996 776 3061 517.

176 3104 337 3163 Eradenda
359 3104 505 3178 cupidinis

177 3209 265 3266 Pravi
289 3212 357 3266 sunt
380 3210 525 3266 elementa
548 3216 579 3266 11
601 3214 722 3267 tenerae
746 3210 832 3268 nimis

175 3311 291 3369 Mentes
314 3311 515 3382 asperioribus

176 3413 361 3472 Formandae
385 3413 499 3473 studiis.
544 3414 617 3474 Hor.
642 3414 696 3474 Od.
721 3411 756 3485 3,
780 3411 835 3487 24,
860 3413 910 3475 51.

706 3513 779 3578 518.

175 3619 257 3692 Ergo
280 3619 429 3679 bominum
452 3636 543 3693 genus
566 3620 714 3679 incassum
736 3622 903 3697 frustraque
927 3623 1043 3682 laborat

177 3724 299 3798 Semper
328 3728 358 3782 11
386 3723 418 3782 11
449 3723 527 3782 cums
555 3725 701 3782 consumit
728 3726 866 3784 inanibus
896 3743 1007 3785 aevum.
1065 3727 1185 3788 Lucret.
1208 3731 1244 3790 R.
1268 3733 1309 3793 N.

1145 3830 1180 3903 5,
1213 3830 1309 3896 1430.

703 3925 774 3991 519.

175 4032 254 4106 Ergo
278 4032 424 4091 sollicitae
447 4036 479 4090 tu
503 4047 608 4103 causa,
631 4034 771 4104 Pecunia,
796 4034 875 4092 vitae
898 4052 943 4093 es:

260 4137 318 4194 Per
340 4141 370 4194 te
392 4135 579 4194 immaturum
601 4137 704 4195 mortis
728 4136 842 4195 adimus
865 4139 931 4197 iter.

175 4239 219 4297 Tu
242 4240 321 4297 vitiis
345 4238 495 4296 hominum
518 4240 650 4299 crudelia
670 4240 780 4312 pabula
802 4242 943 4315 praebes:

261 4343 381 4402 Semina
403 4359 540 4401 curarum
563 4343 600 4403 de
624 4344 721 4418 capite
744 4348 811 4402 orta
831 4350 893 4403 111.
937 4345 1026 4418 Prop.
1050 4346 1133 4418 Eleg.
1158 4341 1194 4417 3,
1217 4343 1248 4418 5,
1276 4345 1307 4410 1.
