2978 5048
557 380 762 480 metm„

611 570 701 636 1816.

80 680 197 738 Omnia
220 683 391 748 vertuntur,
415 683 495 736 certe
519 687 675 738 vertuntur
698 696 828 739 amores:

174 783 314 841 Vinceris
337 788 388 840 aut
417 781 526 852 vineis,
556 783 630 842 haee
653 784 684 842 in
707 801 807 843 amore
829 790 897 843 rota
919 789 974 842 est.
1019 784 1109 858 Prop.
1138 783 1220 855 Eleg.

652 929 655 934 .
1048 881 1084 957 2,
1109 883 1144 956 7,
1168 881 1219 943 31.

612 983 703 1048 1817.

73 1091 198 1151 Omnia
221 1091 313 1149 vincit
335 1106 427 1150 amor.
450 1120 493 1132 -
536 1092 617 1165 Virg.
641 1094 713 1151 Buc.
740 1089 795 1159 10,
818 1087 869 1153 69.

610 1191 701 1256 1818.

9 1286 11 1295 ’
68 1295 234 1357 Omnibus
254 1301 300 1355 est
323 1296 424 1355 eadem
447 1297 498 1357 leti
522 1299 587 1358 via:
610 1309 669 1358 nen
693 1306 790 1359 tamen
815 1316 891 1358 unus

170 1399 235 1457 Est
256 1399 342 1485 vitae·
357 1403 470 1480 cunctis
493 1401 636 1476 exitiique
658 1403 769 1462 modus.

65 1504 145 1563 Hac
170 1502 264 1576 pueri
288 1509 376 1576 alque
399 1521 488 1578 senes¹
508 1506 623 1579 pariter
641 1509 825 1580 iuvenesque
848 1505 988 1572 ferentur,

19 1664 23 1685 ἱ
169 1605 242 1663 Hac
263 1623 319 1678 par
337 1606 481 1665 divitibus
503 1625 618 1682 pauper
640 1625 749 1681 egenus
772 1612 838 1668 erit.
950 1623 955 1637 ·

24 1730 29 1739 ·
63 1708 162 1781 Ergo
179 1709 472 1799 'quodadstriatum
484 1712 633 1799 ,quodque
656 1697 710 1770 est'
723 1711 842 1772 vitabile
864 1711 940 1769 nulli

95 1810 98 1815 '
167 1810 299 1876 Festino
322 1829 423 1885 gressu
443 1814 568 1873 vincere
580 1815 783 1888 praestatiter.
816 1814 905 1874 (loru.
915 1813 992 1873 Gall.
1003 1810 1039 1881 (l)
1049 1810 1133 1882 Eleg.
1145 1803 1175 1878 6,
1190 1804 1219 1866 5.

612 1911 667 1973 181
675 1913 703 1975 9.

10 2018 17 2167 ἱ,
300 1987 304 1994 ’
340 2011 484 2078 Omnibus
506 2025 552 2079 est
572 2019 658 2079 labor
679 2020 901 2093 impendendus.
927 2049 968 2060 -
1005 2019 1086 2090 virg.
1111 2015 1219 2086 Georg.

1108 2115 1146 2189 2,
1168 2115 1220 2178 61.

610 2220 702 2284 1820.

53 2326 233 2390 Omnibus
257 2326 313 2384 hoc
335 2329 437 2386 vitium
460 2335 506 2409 est
528 2329 715 2399 cantoribus,
738 2331 817 2388 inter
839 2330 949 2388 amicos

52 2431 109 2492 Ut
137 2445 302 2501 nunquam
325 2431 468 2489 inducant
491 2433 618 2491 animum
643 2439 763 2491 cantare
786 2435 892 2506 rogati,

52 2533 200 2610 Injussi
223 2549 372 2608 nunquam
395 2534 548 2596 desistant.
574 2564 614 2574 -
657 2536 729 2594 Hor.
753 2536 814 2595 Sat.
842 2535 873 2609 l,
897 2532 930 2606 3,
954 2531 981 2590 1.

606 2634 699 2701 1821.

56 2740 233 2803 Omnibus
257 2738 333 2797 idern
356 2741 469 2799 animus
493 2743 636 2801 scelerata
650 2743 794 2803 excedere
809 2748 899 2803 terra.
930 2739 1013 2811 virg.
1027 2739 1100 2797 Aen.
1120 2733 1148 2810 3,
1165 2733 1217 2797 60.

607 2841 697 2905 1822.

59 2946 231 3010 Omnibus
255 2944 348 3004 modis
372 2947 421 3020 qui
444 2964 590 3022 pauperes
614 2957 682 3008 suut
703 2949 838 3008 homines
861 2948 963 3007 miseri
985 2948 1110 3018 vivunt,-

57 3048 268 3113 Praesertim
300 3049 405 3122 quibus
439 3068 494 3110 nea
522 3060 661 3127 quaestus
691 3059 813 3112 estnec
842 3059 936 3112 artem
960 3051 1091 3111 didicere
1115 3051 1214 3110 ullam.

857 3155 953 3216 Plaut.
976 3154 1051 3215 Rud.
1076 3150 1112 3226 2,
1139 3149 1218 3225 1,.1.

488 3274 494 3322 5
610 3255 701 3319 1823.

67 3358 235 3422 Omnibus
257 3358 343 3418 nabis
366 3366 398 3419 ut
420 3379 469 3422 res
493 3363 565 3422 dant
588 3381 662 3435 sese,
686 3365 729 3423 ita
744 3363 842 3435 magni
857 3368 944 3437 atque
964 3361 1091 3420 humiles
1107 3375 1216 3419 sumus.

927 3509 931 3515 .
956 3465 1024 3525 Ter.
1048 3466 1119 3524 Hee.
1143 3459 1216 3522 380.

333 3637 336 3644 ¹
609 3564 701 3630 1824.

66 3671 190 3732 Omnis
224 3669 308 3731 adest
338 3677 435 3742 aetas,
467 3678 601 3732 maerent
624 3676 805 3747 juvenesque
842 3687 994 3745 senesque.
1040 3671 1092 3732 Or.
1127 3667 1215 3730 Gens.

951 3774 1014 3836 Liv.
1039 3776 1113 3848 Aug.
1143 3769 1215 3833 203.

603 3874 693 3940 1825.

338 3979 437 4039 Omnis
462 3982 537 4040 enim
561 3999 628 4054 res‚.

66 4085 206 4152 Virtus,
231 4079 321 4155 fama,
346 4081 450 4154 decus,
475 4085 576 4145 divina
598 4087 784 4160 humanaque
807 4086 941 4160 pulchris

71 4185 213 4246 Divitiis
235 4189 357 4256 pereut;
383 4203 455 4260 quas
479 4190 769 4261 qui-construxerit,
792 4189 844 4247 ille

69 4290 192 4351 Clarus
218 4288 289 4357 erit,
313 4286 409 4360 fortis,
430 4292 544 4363 J'ustus‚
569 4293 686 4366 sapiens
711 4293 798 4351 etiam
821 4298 851 4351 et
873 4309 934 4361 rex,

12 4472 15 4487 Ι
69 4394 118 4454 Et
144 4390 294 4466 quidquid
316 4394 404 4451 volet.
428 4422 461 4433 -
513 4397 585 4456 Hor.
610 4395 672 4456 Sat.
696 4389 731 4468 2,
755 4392 792 4469 3,
816 4391 865 4455 al.
