2978 5048
549 367 753 468 Ans

599 556 693 621 2871.

81 664 182 723 Virito
206 665 337 722 contenti
361 663 469 722 casulis
492 669 521 721 et
545 666 670 724 collibus
693 667 769 724 istis.
813 667 881 726 Juv.
905 665 967 725 Sat.
995 663 1049 736 14,
1078 663 1147 725 179.

601 778 694 841 2872.

81 885 183 943 Viuite
206 883 318 954 falices,
343 885 450 957 quibus
474 889 519 942 est
540 884 658 944 fortuna
680 891 804 959 peracta

79 986 149 1046 Jam
173 1003 240 1044 sua:
267 1003 320 1044 nos
344 987 404 1044 alia
427 1004 463 1045 ex
486 987 553 1046 aliis
576 988 605 1044 in
629 987 690 1047 iata
712 1004 860 1048 vocamur.
890 989 970 1061 Virg.
986 990 1060 1048 Aen.
1086 985 1115 1061 3,
1140 987 1214 1052 493.

597 1099 690 1165 2873.

331 1209 429 1269 Viuite
453 1209 544 1268 fortes

79 1307 245 1381 Fortiaque
269 1309 401 1369 adversis
425 1311 568 1385 opponite
591 1315 716 1384 pectora
737 1311 835 1370 rebus.
871 1312 943 1371 Hor.
968 1313 1029 1371 Sat.
1051 1307 1124 1383 2,2,
1145 1310 1214 1371 135.

599 1423 692 1488 2874.

78 1529 201 1586 Vivitur
223 1530 328 1602 exiguo
351 1532 467 1591 melius.
499 1533 628 1590 ·Natura
649 1532 746 1590 beatis

79 1631 225 1689 Omnibus
249 1648 314 1690 esse
339 1633 430 1703 dedit,
455 1635 479 1691 si
504 1635 569 1706 quis
593 1635 764 1706 cognoverit
786 1636 838 1692 uti.
864 1633 967 1694 Claud.
983 1636 1078 1696 Rufio.
1099 1628 1210 1708 1,·215.

597 1763 692 1828 2875.

77 1870 199 1928 Vivitur
221 1887 258 1927 ex
281 1877 382 1944 rapto,
412 1888 469 1930 non
494 1872 603 1944 hospes
627 1873 663 1930 ab
687 1873 805 1946 hospite
828 1879 908 1933 tutus
1067 1938 1068 1941 Ἴ

79 1974 145 2031 Neo
168 1989 253 2030 socer
276 1989 294 2029 a
315 1990 438 2045 genero,
469 1973 591 2032 fratrum
615 1991 731 2048 quoque
755 1978 850 2046 gratia
874 1993 943 2035 rara
965 1983 1018 2035 est.
1064 1978 1116 2036 Ov.
1140 1979 1215 2037 Met.

1082 2077 1116 2151 1,
1143 2076 1212 2138 144.

599 2189 693 2253 2876.

80 2300 200 2358 Vivitur
219 2314 310 2371 parvo
334 2299 425 2366 bone,
451 2297 496 2354 oui
520 2302 674 2367 paternum

80 2400 227 2473 Splendet
249 2401 279 2456 in
302 2416 404 2457 mensa
426 2401 507 2457 tenui
532 2399 656 2457 salinum

79 2503 144 2561 Nee
168 2503 245 2560 leves
269 2517 386 2559 somnos
409 2503 497 2560 timor
521 2509 573 2560 aut
596 2500 705 2574 cupido

238 2603 382 2662 Sordidus
406 2602 510 2663 aufert.
556 2604 628 2662 Hor.
653 2597 764 2672 0d'2,
792 2598 844 2672 16,
872 2600 918 2661 13.
939 2607 942 2611 ’

597 2733 691 2798 2877.

80 2844 138 2901 Vix
162 2843 296 2915 equidem
320 2842 453 2911 memini,
477 2842 595 2900 memini
619 2847 735 2898 tamen:
759 2842 858 2898 omnia
881 2843 985 2909 luctus,

168 2945 273 3003 Omnia
296 2946 415 3003 solliciti
439 2946 529 3016 plena
550 2945 664 3000 timoris
688 2951 782 3002 erant.
829 2944 880 3001 Ov.
904 2945 974 3002 Her.
998 2939 1035 3013 8,
1061 2941 1111 3003 75.

598 3073 691 3138 2878.

78 3184 138 3241 Vix
160 3182 234 3239 illud
259 3179 343 3254 potui
367 3159 466 3239 dicere
489 3183 590 3238 triste:
618 3182 704 3240 Vale!
749 3182 801 3242 Ov.
825 3182 896 3241 Her.
927 3176 983 3251 13,
1011 3179 1059 3240 11.
1104 3155 1107 3163 ’

598 3295 691 3359 2879.

329 3404 425 3462 Vocat
448 3403 532 3461 labor
552 3403 671 3460 ultimus
695 3420 806 3462 omnes.
851 3405 931 3475 Virg.
956 3403 1029 3461 Aen.
1057 3400 1107 3471 11,
1140 3398 1212 3462 476.

598 3534 692 3597 2880.

330 3641 424 3700 Vocat
448 3642 496 3699 lux
520 3642 624 3701 ultima
645 3642 749 3700 victos.
796 3642 876 3713 Virg·
900 3642 975 3701 Aen.
1000 3636 1037 3710 2,
1062 3634 1132 3697 668.

599 3772 693 3836 2881.

77 3881 169 3939 Volat
192 3880 334 3952 ambiguis

76 3983 199 4042 Mobilis
221 3985 278 4040 alis
302 3984 376 4041 hora
398 4000 453 4042 noo
472 3983 524 4039 ulli

76 4088 218 4146 Praestat
240 4086 326 4144 velox
348 4086 482 4144 Fortuna
503 4083 599 4144 fidem.
651 4086 718 4145 Son.
742 4085 832 4158 Hipp.
861 4083 953 4147 1141.

597 4216 691 4279 2882.

326 4324 414 4383 Volat
435 4326 510 4382 bora
532 4341 587 4397 per
610 4324 719 4383 orbem.
767 4324 872 4384 Manli.
897 4326 1018 4383 Astron.
1045 4322 1071 4393 1,
1095 4318 1168 4380 641.

949 4423 1011 4480 15*
