2978 5048
640 371 845 475 Λ1979...

173 559 288 617 Stellae:
307 560 342 615 cl.
360 558 466 615 Sidera.

174 646 325 720 strepitus:
343 661 457 714 magnus
476 645 606 712 strepitus
625 647 755 714 parvulae
774 663 857 717 saepe
874 648 916 702 rei
937 661 1027 702 comes
1046 646 1126 703 1311.
1166 649 1243 703 1877.

174 731 272 789 studia
290 733 302 789 l
320 732 362 802 [cf.
381 733 536 801 Diligentius
570 730 669 787 habor.
705 733 867 804 Quaestuslz
889 732 981 788 studia
997 734 1137 790 hominnm
1156 736 1236 790 varia
1248 734 1304 789 m.

379 817 454 872 1965.
491 817 566 872 1834.
601 816 678 871 9948.
712 819 796 874 9796ε
823 819 893 873 alius
920 821 1018 874 aetatis
1049 821 1104 875 alia
1123 821 1218 877 studia
1246 826 1304 875 sunt

378 903 444 958 454:
462 903 496 958 de
514 918 565 958 suo
584 905 697 972 quisque
716 905 806 960 studio
824 905 899 973 loqui
917 905 989 958 solet
1007 905 1089 961 1439:
1115 908 1173 961 suis
1193 907 1302 976 quisque

380 989 477 1045 studiis
495 1004 606 1058 operam
625 989 671 1043 dat
681 990 757 1044 9917.
775 989 857 1044 2345:
876 991 1061 1058 asperioribus
1075 993 1176 1047 studiis
1195 998 1300 1046 tenerae

381 1081 485 1129 mentes
512 1074 697 1131 informandae
725 1083 791 1132 sunt
815 1076 881 1131 517:
907 1077 997 1133 studio
1022 1093 1116 1133 mores
1143 1079 1303 1133 conveniunt

380 1246 412 1300 ll.
430 1246 524 1302 Studia
537 1247 676 1302 literarum
692 1249 749 1302 sire
759 1247 932 1303 humanitatis
949 1247 992 1319 [cf.
1004 1247 1138 1303 Carmina.
1158 1249 1300 1316 Scicntial:

380 1333 520 1388 maximam
539 1335 591 1388 vim
609 1334 711 1388 habent
728 1333 762 1387 ad
776 1335 880 1389 animos
889 1334 1026 1389 hominum
1036 1335 1218 1389 emolliendus
1228 1340 1303 1402 atque
1355 1364 1357 1405 :

381 1419 546 1474 excolendos
565 1420 605 1473 19.
623 1419 664 1474 99.
682 1419 748 1474 461:
767 1435 896 1474 summam
912 1421 1056 1475 utilitatem
1073 1420 1212 1489 praebent
1227 1420 1303 1474 1174:
1354 1418 1357 1461 ἲ

382 1507 428 1573 qui
446 1506 594 1561 instructus
612 1505 666 1559 illis
684 1512 737 1573 est,
757 1506 861 1560 divitias
879 1506 963 1560 habet
979 1504 1039 1560 434.
1064 1505 1130 1559 867:
1149 1506 1239 1574 gloria
1256 1505 1302 1558 illis

383 1593 579 1659 quaeriturSS:
597 1607 734 1660 nunquam
751 1592 885 1645 hominem
904 1590 1107 1646 deserunt434:
1127 1606 1243 1660 operam
1256 1591 1303 1644 illis

384 1678 479 1732 studiis
498 1679 563 1733 dare
582 1692 799 1746 unumquemque
818 1677 897 1732 decet
913 1677 973 1731 931.
1008 1677 1089 1732 1003:
1116 1694 1173 1731 non
1193 1676 1303 1731 colenda

383 1770 502 1833 tantum,
520 1781 612 1820 rerum
631 1765 711 1819 etiam
728 1764 904 1833 propaganda
921 1769 986 1817 sant
1000 1763 1068 1816 437:
1086 1763 1148 1818 sine
1166 1762 1265 1817 studiis
1280 1770 1305 1816 et

385 1850 509 1904 doctrina
525 1851 615 1906 vitalis
633 1852 687 1906 vita
703 1867 757 1906 non
774 1857 819 1905 est
841 1849 905 1904 998:
931 1849 1080 1903 doctrinam
1106 1849 1252 1917 diligentia
1265 1864 1304 1903 ac·

383 1935 513 2002 quirimus
531 1937 605 1991 1596.

178 2020 307 2077 Stultitia
333 2019 376 2091 [cf.
396 2020 508 2090 Error]:
534 2023 649 2077 stultitia
673 2026 795 2078 carnisse
812 2024 900 2092 prima
917 2022 1051 2090 sapientia
1067 2029 1111 2076 est
1128 2021 1216 2076 984οε
1245 2021 1304 2076 stul-

383 2109 469 2161 titiam
479 2109 605 2163 simulare
618 2124 700 2178 saepe
711 2108 951 2178 prudentissimum
962 2115 1005 2161 est
1018 2107 1077 2162 194.
1096 2106 1180 2161 9545ι
1200 2108 1306 2162 mum

384 2194 534 2249 concedere
558 2209 640 2263 saepe
667 2195 905 2263 prudentissimum
930 2193 1054 2248 est194.
1088 2192 1171 2246 2545:
1201 2193 1306 2247 nimian

382 2280 532 2335 concedere
551 2295 633 2349 saepe
652 2281 768 2335 stultitia
786 2287 828 2334 est
846 2280 921 2334 155u

179 2366 305 2423 Stultus:
328 2374 430 2421 rectam
453 2368 522 2421 mam
540 2383 594 2422 non
613 2367 715 2421 invenit
732 2367 797 2420 498:
816 2367 915 2421 stultus
933 2365 1047 2420 stultitia
1064 2380 1116 2419 sua
1134 2379 1221 2432 saepe
1239 2365 1307 2433 peri-

384 2453 473 2507 culum
494 2454 547 2507 sibi
573 2451 673 2507 conflat
698 2452 780 2507 1939:
810 2453 911 2507 stultus
936 2466 1043 2520 quoque
1065 2466 1181 2504 munere
1209 2451 1308 2519 gaudet

382 2538 463 2592 2551:
482 2540 593 2594 stultum
612 2538 702 2592 reddit
719 2539 842 2607 fortuna,
861 2554 941 2607 quem
958 2537 1074 2606 perdere
1091 2535 1253 2590 11119549.-

179 2622 276 2680 Snasio
295 2622 339 2694 [cf.
359 2622 529 2693 Consiliumlz
548 2625 621 2694 quod
639 2625 782 2692 suadetur,
801 2626 889 2679 minus
907 2625 1017 2693 placere
1038 2624 1110 2678 solet
1128 2621 1208 2677 1977.

179 2709 276 2767 Subita
295 2709 338 2780 [cf.
358 2708 450 2765 (lasus.
486 2711 635 2781 Fortunal:
660 2713 788 2781 graviora
811 2718 874 2765 sunt
898 2710 964 2764 791:
988 2709 1137 2764 remedium
1162 2710 1196 2764 in
1215 2710 1309 2765 subitis

384 2798 503 2851 subitum
522 2798 565 2852 99.

180 2883 326 2940 Successus
345 2884 389 2950 [cf.
407 2884 537 2940 Fortuna.
566 2883 716 2953 Secunda]:
734 2884 833 2937 multos
852 2883 886 2938 ad
903 2884 1050 2950 perniciem
1069 2881 1145 2935 ducit
1161 2881 1249 2935 956οι
1266 2883 1310 2936 im·

384 2970 532 3038 proborum
559 2985 701 3025 successus
728 2970 829 3024 multos
856 2969 942 3024 allicit
968 2968 1052 3023 2561:
1076 2982 1217 3022 successu
1242 2967 1311 3023 nuda

384 3057 470 3110 virtus
488 3058 631 3124 inspicitur
648 3057 725 3112 9559.

180 3142 292 3199 Sunius
320 3141 362 3211 [ci.
386 3143 471 3197 Bona.
506 3143 649 3209 Pecunia]:
675 3144 773 3197 nimius
791 3148 895 3197 sumtus
914 3147 1053 3210 quaestum
1072 3145 1100 3194 et
1118 3141 1311 3208 patrimonium

384 3229 475 3298 perdit
493 3229 567 3282 1606.

181 3314 316 3390 Superbia
334 3314 377 3385 [ci.
397 3314 564 3384 Asperitasl:
591 3316 679 3382 turpis
698 3319 740 3368 est
758 3313 819 3366 999ε
846 3327 863 3366 a
881 3312 932 3366 deo
950 3313 1062 3381 punitur
1078 3310 1161 3364 2425:
1191 3311 1252 3366 noli
1270 3327 1310 3365 su-

385 3402 487 3471 perbus
507 3401 662 3455 11119597.

181 3487 364 3563 Supplicium:
382 3487 415 3543 cf.
435 3489 535 3543 Poena.
571 3486 704 3540 Vindicta.

182 3575 320 3650 Suspecti:
338 3576 430 3629 miseri
448 3580 511 3628 sunt
528 3574 610 3627 2575:
638 3574 711 3626 inter
728 3577 885 3639 suspectum
902 3576 931 3625 et
947 3585 1016 3624 vero
1028 3583 1105 3623 reum
1124 3584 1245 3637 parrum
1263 3570 1313 3625 dis-

386 3662 486 3715 crimen
504 3660 648 3714 intercedit
666 3658 741 3712 1889.

156 3736 160 3743 ’
182 3745 306 3822 Suspicio
326 3747 367 3815 [ci.
385 3747 493 3814 Famalr
510 3747 691 3815 suspicionem
709 3760 725 3798 a
743 3749 770 3798 te
789 3749 920 3798 remotam
936 3748 1031 3797 tenere
1049 3740 1131 3794 stude
1151 3740 1233 3796 1786.

183 4003 383 4061 'l'ucitnruitust
402 4005 479 4059 malis
498 4003 610 4059 discitur
627 4003 708 4056 2580:
727 4001 800 4057 haud
819 3999 934 4055 difficilis
953 4004 995 4053 est
1012 3997 1069 4052 604.
1100 3997 1186 4052 2185:
1209 4002 1316 4055 ratione

387 4100 478 4147 tacere
496 4104 592 4157 magna
610 4091 697 4143 virtus
715 4095 758 4143 est
774 4086 854 4142 2848:
878 4093 970 4141 tacere
989 4085 1057 4156 scito
1076 4083 1143 4138 423:
1163 4083 1260 4141 fidelis
1278 4094 1316 4142 ta-

387 4179 527 4233 citurnitas
545 4175 672 4244 praemiis
692 4173 809 4228 afficitur
825 4173 890 4227 538:
921 4179 952 4226 ut
969 4172 1038 4226 alter
1060 4176 1167 4239 taceat,
1193 4173 1252 4240 ipsi
1277 4180 1314 4226 ta-

387 4279 494 4319 ceamus
511 4262 558 4317 50:
577 4267 667 4316 tacere
686 4260 759 4328 cogi,
787 4259 859 4328 quod
875 4259 951 4325 loqui
969 4257 1103 4325 cupimus,
1122 4257 1259 4314 miserum
1277 4265 1317 4314 est

387 4350 463 4404 1993.
