2978 5048
896 315 899 322 ,

642 433 675 445 1ss
696 432 784 447 *sums
799 434 805 444 A
821 431 845 444 Λ.

706 537 775 602 750.

425 646 585 719 Fregistin’
609 646 717 705 fidem?

182 753 286 825 Neque
315 751 383 810 dedi
416 768 511 825 neque
540 751 578 809 do
611 751 723 810 infideli
753 751 897 824 cuiquam.
954 752 1023 810 Ace.
1058 749 1138 824 apud
1165 747 1228 809 Cic.
1259 748 1317 809 eff.

1096 849 1132 924 3,
1156 846 1214 922 28,
1243 846 1317 911 102.

704 954 775 1018 751.

180 1063 330 1135 Frigidius
353 1062 446 1134 glacie
470 1067 572 1135 pectus
594 1063 720 1133 amantis
742 1069 815 1122 erat.
848 1038 914 1129 Or.
937 1064 1010 1122 Hor.
1037 1059 1069 1132 1,
1093 1055 1143 1119 22.

672 1211 676 1220 ·
702 1178 774 1242 752.

51 1353 56 1374 1
182 1287 305 1364 Frontis
328 1288 410 1346 nulla
432 1286 513 1346 fides.
541 1317 576 1327 -
623 1287 689 1346 Juv.
708 1287 769 1346 Sat.
793 1283 827 1356 2,
851 1283 880 1346 8.

703 1403 773 1469 753.

178 1512 252 1570 Frui
275 1513 388 1584 paratis
413 1519 443 1570 et
464 1512 562 1570 valido
585 1513 666 1581 mihi,

176 1617 288 1682 Latoe.
311 1616 405 1673 dones
429 1622 460 1673 et
481 1631 605 1687 precor,
628 1618 744 1686 integre

263 1719 335 1778 Cum
359 1725 455 1776 mente
479 1735 533 1776 nec
555 1723 670 1790 turpem
695 1723 842 1776 senectam

335 1823 451 1895 Degere
474 1839 529 1880 nec
553 1822 669 1888 cithara
692 1828 849 1881 carentem.
895 1822 968 1879 Hor.
993 1820 1047 1879 Od.
1075 1818 1105 1890 l,
1130 1815 1186 1888 31,
1216 1814 1269 1877 17.

707 1936 778 2001 754.

424 2048 550 2105 Frustra
573 2047 675 2104 vitium
697 2047 838 2111 vitaveris
861 2045 947 2114 illud,

176 2150 208 2208 Si
232 2156 262 2209 te
285 2151 344 2208 alio
375 2168 499 2225 pravum
523 2150 695 2208 detorseris.
717 2179 760 2202 .-
780 2161 786 2174 ·
803 2151 875 2208 Hor.
900 2149 961 2208 Sat.
985 2144 1019 2218 2,
1044 2144 1078 2219 2,
1102 2144 1154 2208 54.

707 2265 777 2329 755.

425 2374 507 2446 Fuge
530 2391 648 2446 magna:
677 2375 749 2433 licet
771 2374 824 2433 sub
847 2389 979 2447 paupere
1002 2378 1079 2431 tecto

176 2477 272 2548 Reges
296 2482 327 2535 et
349 2493 448 2550 regum
471 2479 531 2539 vite
554 2495 747 2551 praecurrere
771 2478 890 2537 amicos.
935 2478 1008 2534 Hor.
1031 2476 1088 2548 Ep.
1115 2472 1149 2544 1,
1176 2471 1237 2551 10,
1260 2470 1314 2533 32.

704 2592 775 2656 756.

428 2703 543 2774 Fugere
567 2702 664 2775 pudor
686 2716 845 2774 verumque
868 2699 1009 2773 fidesque,

178 2806 213 2863 In
238 2822 361 2879 quorum
386 2802 503 2865 ‘subiere
526 2809 622 2864 locum
645 2804 825 2878 fraudesque
848 2804 978 2895 dolique,

176 2909 307 2979 Insidiae
332 2916 362 2968 et
384 2910 427 2967 vis
452 2915 482 2968 et
504 2926 587 2969 emor
609 2910 769 2967 sceleratus
792 2907 928 2966 habendi.
975 2908 1026 2965 Ov.
1049 2905 1122 2963 Met.
1149 2901 1182 2976 1,
1209 2900 1284 2971 129.

707 3024 777 3086 757.

423 3133 504 3205 Fuge
529 3133 684 3205 suspicari.
729 3133 801 3190 Hor.
826 3131 880 3191 od.
904 3127 940 3201 2,
965 3122 1002 3201 4,
1026 3125 1076 3188 22.

703 3249 775 3312 758.

423 3358 512 3430 Fugit
535 3363 616 3416 retro

176 3460 266 3519 Levis
285 3463 423 3534 Juveutas
447 3467 477 3519 et
499 3462 603 3531 decor,
628 3461 712 3520 aride

260 3566 391 3624 Pellente
414 3567 540 3625 lascivos
563 3581 679 3623 amores

328 3668 444 3728 Canitie
467 3667 644 3741 facilemque
668 3685 809 3726 somnum.
855 3666 927 3725 Har.
952 3665 1005 3731 od,
1031 3660 1067 3734 2,
1093 3659 1147 3735 11,
1173 3660 1201 3723 5.

702 3784 773 3846 759.

423 3895 544 3952 Fuimus
568 3893 671 3952 Troes.
695 3922 735 3933 -
780 3894 861 3965 Virg.
884 3892 958 3948 Aen.
982 3885 1023 3958 2,·
1040 3883 1110 3944 325.

703 4025 773 4089 760.

421 4136 520 4194 Furor
542 4151 624 4194 arma
643 4134 801 4192 ministrat.
846 4133 927 4205 Virg.
951 4132 1024 4190 Aen.
1052 4127 1086 4202 1,
1116 4127 1183 4190 154.

703 4248 773 4310 761.
891 4254 895 4264 “

173 4361 270 4420 Furor
292 4359 325 4418 fit
347 4362 430 4418 laesa
452 4359 570 4432 saepius
593 4355 748 4430 patientia.
793 4358 825 4416 P.
850 4356 915 4431 Syr.
