2978 5048
666 1729 693 1791 1.

110 1833 156 1893 Ab
178 1835 313 1908 inquieto
337 1852 427 1910 saepe
450 1836 604 1895 simulatur
626 1836 720 1909 quies.
765 1836 833 1896 Seu.
857 1835 929 1895 Oed.
953 1828 1024 1893 684.

661 1933 691 1998 2.

360 2043 519 2103 Absentem
543 2043 594 2116 qui
615 2041 695 2102 rodit
717 2044 852 2113 amicum,

111 2144 170 2216 Qui
192 2161 253 2204 nou
275 2144 407 2205 defendit
429 2148 488 2205 alio
512 2148 664 2220 culpante,
688 2147 801 2204 solutos

111 2248 169 2319 Qui
193 2256 293 2322 captat
314 2250 393 2307 risus
415 2249 565 2308 hominum
587 2249 750 2323 famamque
774 2248 894 2320 dicacis,

109 2345 240 2425 Fingere
264 2354 313 2427 qui
336 2369 396 2412 non
418 2354 483 2412 uisa
504 2359 618 2426 potest,
644 2354 801 2412 commissa
822 2359 923 2412 tacere

111 2455 169 2527 Qui
191 2457 308 2530 nequit:
331 2457 380 2515 hic
403 2457 487 2529 niger
510 2462 568 2526 est,
591 2457 739 2528 huncum,
762 2456 910 2527 Romane,
935 2462 1046 2514 caveto.

881 2560 955 2619 Hor.
979 2560 1040 2620 Sat.
1066 2557 1100 2631 i,
1131 2556 1167 2630 4,
1191 2553 1242 2616 81.

659 2657 688 2721 3.

114 2767 236 2827 Absenti
259 2782 344 2825 nemo
366 2780 425 2825 nou
448 2766 586 2825 nocuisse
609 2767 690 2825 velit.
734 2765 823 2839 Prop.
848 2765 930 2837 Eleg.
954 2759 989 2836 2,
1016 2760 1068 2835 15,
1093 2759 1143 2824 32.

659 2863 689 2928 4.

109 2972 172 3032 Abs
197 2972 293 3045 quivis
315 2973 452 3043 homine,
477 2989 541 3031 cum
565 2977 612 3030 est
634 2986 723 3046 opus,
745 2970 918 3030 beneficium
942 2972 1078 3045 accipere
1100 2971 1243 3046 gaudeas:

109 3076 222 3134 Verum
245 3076 322 3135 euim
342 3092 411 3135 vero
436 3075 466 3134 id
488 3076 602 3134 demum
622 3077 722 3147 juvat,
747 3075 788 3146 si,
813 3092 898 3149 quem
921 3093 1046 3151 aequum
1069 3077 1243 3148 emicuere,

727 3179 754 3236 is
776 3177 851 3238 bene
874 3179 953 3238 iacit.
999 3181 1066 3239 Ter.
1090 3182 1147 3242 Ad.
1172 3175 1243 3240 254.

659 3279 688 3342 5.

108 3383 136 3442 A
159 3399 233 3442 cane
255 3400 314 3442 nou
337 3400 442 3457 magno
466 3401 556 3459 saepe
579 3391 698 3445 tenetur
720 3401 802 3459 aper.
848 3386 901 3446 O-v.
924 3388 1006 3447 Rem,
1031 3383 1103 3444 422.

662 3484 691 3548 6.

109 3590 223 3664 Accipe
246 3608 324 3649 nunc
346 3591 481 3651 Danaum
505 3591 630 3651 iusidias
652 3599 682 3651 et
705 3593 827 3652 crimine
850 3592 886 3651 ab
910 3611 969 3673 uuo

108 3693 201 3752 Disce
225 3710 335 3753 omnes.
358 3724 400 3734 —
443 3696 524 3769 Virg.
548 3696 621 3756 Aeu.
646 3691 681 3767 2,
705 3691 756 3756 65.

663 3796 691 3860 7.

106 3902 245 3974 Accipite
261 3903 336 3960 haec
351 3904 457 3962 animis
469 3905 622 3978 laetasque
636 3905 780 3963 advertite
792 3908 915 3962 mentes.
940 3905 1021 3977 Virg.
1036 3905 1110 3964 Aen.
1128 3901 1156 3976 5,
1171 3900 1243 3964 304.

661 4004 691 4066 8.

358 4110 475 4170 Acerba
497 4111 558 4171 iata
579 4113 728 4171 Romanos
753 4116 851 4184 agunt.
896 4111 968 4170 Hor.
992 4112 1089 4185 Epod.
1114 4107 1147 4184 7,
1174 4109 1223 4172 17.

661 4213 688 4275 9.

105 4315 188 4374 Acer
211 4323 243 4375 et
264 4317 302 4375 ad
324 4319 441 4391 palmae
463 4334 518 4392 per
541 4336 572 4377 se
595 4337 737 4380 cursurus
760 4319 902 4389 honores,

196 4419 229 4478 Si
251 4425 350 4480 tamen
374 4422 519 4494 horteris,
542 4422 648 4482 fortius
671 4424 727 4482 ibit
746 4439 848 4497 equus.
895 4422 1047 4482 Ov-Pout.
1062 4418 1091 4494 2,
1118 4421 1169 4493 11,
1193 4417 1244 4481 21.

160 4514 283 4555 Frommen
289 4545 295 4568 ,
308 4517 455 4568 Florilegium
467 4519 578 4558 Latinum.
1026 4523 1037 4580 1
