2978 5048
645 375 850 476 ...ἐξω

707 564 779 631 880.

179 674 256 732 Huic
279 674 390 732 bomini
414 674 530 747 dignum
554 679 599 731 est
621 675 740 733 divitias
764 690 830 732 esse
853 681 882 732 et
905 675 954 733 diu
977 677 1065 736 vitam
1090 677 1164 747 dari,

180 777 237 849 qm
251 785 282 835 et
294 795 354 836 rem
374 784 473 836 servat
487 783 561 834 etse
578 776 651 835 bene
666 778 757 836 babet
775 779 895 851 suisque
916 780 1018 836 amieis
1035 782 1105 839 vult.
1134 781 1231 838 Plaut.
1249 780 1316 841 Mil.

1117 878 1151 952 3,
1178 882 1212 953 1,
1241 879 1314 955 129.
1353 939 1357 949 .

708 974 779 1043 881.

429 1088 566 1146 Humana
587 1085 729 1158 malignas

180 1188 258 1248 Cura
281 1191 362 1249 dedit
375 1170 478 1263 deges,
501 1195 531 1248 et
553 1189 633 1263 quod
655 1195 763 1248 natura
786 1192 920 1260 remittit,

179 1293 285 1353 Invida
302 1296 370 1366 jura
392 1301 509 1367 negant.
532 1323 575 1333 -
619 1293 671 1351 Ov.
696 1292 768 1351 Mat.
797 1289 849 1363 td,
874 1289 946 1351 329.

709 1390 782 1456 882.

179 1499 307 1557 Humani
331 1501 449 1572 generis
473 1516 569 1559 mores
592 1500 646 1558 tibi
669 1516 756 1558 nosse
779 1501 889 1558 volenti

180 1602 294 1661 Sufficit
315 1621 375 1661 una
398 1603 514 1661 domus:
539 1621 649 1677 paucos
674 1619 811 1661 consume
835 1603 898 1661 dies
922 1610 951 1661 et

179 1706 287 1765 Dicere
310 1714 338 1765 te
369 1707 523 1778 miserum,
555 1713 712 1780 postquam
742 1706 825 1763 illine
852 1709 983 1775 veneris,
1015 1705 1099 1765 aude.
1145 1705 1212 1763 Juv.
1250 1705 1315 1766 Sat.
1354 1734 1360 1779 q

1155 1803 1212 1876 13,
1243 1805 1316 1870 rsa.
1335 1786 1360 1885 ..t

709 1904 780 1970 883.
1357 1906 1360 1931 ²

178 2015 362 2074 Humanitati
387 2017 436 2088 qui
459 2031 491 2088 se
515 2030 574 2072 non
598 2015 809 2084 accommodat,

178 2120 354 2192 Plerumque
377 2134 488 2190 poenas
513 2119 628 2191 oppetit
650 2118 815 2190 superbiae.
860 2118 987 2178 Phaedr.
1011 2118 1083 2177 Fab.
1108 2113 1137 2188 3,
1165 2111 1214 2186 16,
1246 2116 1275 2176 1.

706 2214 779 2280 884.
807 2238 816 2251 ’

177 2326 328 2385 Humanos
352 2342 437 2384 oasus
461 2325 592 2398 adspice.
617 2351 652 2362 ·-
703 2327 754 2390 On.
779 2326 865 2384 Pont.
889 2321 922 2396 3,
947 2319 983 2393 2,
1008 2320 1058 2384 92.

709 2421 781 2486 885.

176 2533 343 2595 Humanum
374 2549 472 2592 amare
501 2537 561 2600 ast,
592 2532 750 2591 humanum
782 2537 879 2590 autem
912 2532 1065 2603 ignoscere
1095 2537 1148 2591 est.
1210 2532 1314 2592 Plaut.

1020 2635 1113 2695 Mero.
1138 2633 1172 2702 2,
1197 2630 1314 2707 2,,48.

642 2839 846 2846 ——-——

708 3038 781 3103 886.

178 3150 244 3208 Jam
267 3149 344 3208 einis
367 3155 429 3220 est,
454 3153 484 3206 et
506 3148 542 3206 de
565 3153 624 3206 tam
647 3164 752 3220 magno
776 3153 870 3206 restat
891 3147 1004 3206 Achille

177 3253 287 3311 Nescio
311 3250 395 3326 quid,
411 3267 537 3324 nervam
562 3252 641 3326 quod
662 3267 721 3311 non
743 3252 818 3311 bene
841 3252 988 3324 compleat
1010 3266 1123 3310 urnam.

176 3356 217 3414 At
237 3356 324 3426 vivit,
348 3360 441 3414 totum
465 3371 541 3428 quae
563 3355 659 3427 gloria
681 3356 826 3428 compleat
847 3355 956 3413 orbem.

177 3460 260 3519 Haeo
282 3460 325 3517 illi
347 3475 488 3517 mensura
510 3459 574 3518 viro
598 3459 776 3532 respondet,
800 3465 830 3518 et
852 3459 909 3518 hae
932 3463 978 3516 est

167 3564 236 3636 ¹Par
258 3563 315 3622 sibi
337 3562 456 3622 Pelides
478 3579 534 3621 neo
556 3562 658 3621 inania
679 3563 805 3621 Tartara
827 3563 926 3621 sentit.
971 3561 1023 3620 Ov.
1046 3560 1119 3618 Met.
1145 3556 1201 3631 12,
1234 3560 1312 3630 615.

705 3649 777 3724 887.

175 3769 243 3829 Jam
265 3769 363 3843 gravls
387 3768 534 3844 aequabat
556 3770 651 3827 luctus
676 3775 705 3828 et
727 3774 828 3826 mutua
849 3765 970 3825 Mavors

175 3873 310 3943 Funera;
339 3873 502 3933 caedebant
524 3873 638 3946 pariter
659 3871 830 3945 pariterque
852 3870 979 3935 ruebant

175 3975 312 4035 Viatores
341 3977 486 4050 victique:
519 3991 615 4050 neque
641 3975 688 4034 his
716 3955 785 4047 fuga
813 3978 883 4032 nota
913 3990 968 4032 nee
998 3973 1069 4032 iliis.
1114 3975 1196 4048 virg.
1231 3979 1311 4039 Aen.

1151 4074 1207 4152 to,
1235 4078 1310 4142 -758,

703 4175 775 4239 888.
1316 4205 1321 4214 ·

173 4283 241 4343 Jam
264 4284 369 4344 molire
392 4285 535 4356 animum,
560 4285 610 4359 qni
633 4284 732 4354 duret,
755 4289 786 4342 et
808 4284 928 4343 adstrue
949 4283 1074 4344 formae:

261 4387 345 4446 Solus
369 4388 405 4446 ad
429 4394 575 4447 extremos
598 4390 733 4461 pervenit
759 4389 809 4446 ille
833 4404 929 4458 rogos.
975 4389 1027 4447 Ov.
1050 4388 1086 4449 A.
1110 4389 1144 4448 A.
1170 4387 1208 4462 2,
1238 4390 1310 4454 119.
