2978 5048
637 387 841 489 mee„

689 579 782 644 2027.

177 684 268 756 Quam
292 684 350 741 cito
374 727 382 741 .
406 729 413 742 .
437 729 444 744 .
470 730 476 743 .
500 686 637 746 laxantur
660 705 788 762 corpore
809 691 889 762 rugis

259 787 415 859 Euporie,
439 789 468 845 in
491 789 587 848 nitido
612 793 662 863 qui
684 792 740 850 init
763 808 830 863 ore,
855 793 951 850 color!
996 794 1049 852 Ov.
1071 792 1106 852 A.
1130 795 1167 852 A.
1195 790 1232 866 3,
1258 789 1308 854 73.

690 905 783 968 2028.

176 1013 269 1084 Quam
291 1011 393 1083 cupies
416 1012 492 1069 votis
516 1013 594 1072 hunc
616 1029 756 1071 revocare
779 1013 870 1072 diem!
925 1014 990 1072 Tib.
1014 974 1098 1087 Eleg.
1125 1012 1159 1086 1,
1190 1010 1225 1086 8,
1261 1011 1311 1076 78.

571 1166 572 1170 =
688 1128 781 1191 2029.

176 1236 268 1307 Quam
289 1235 385 1308 iniqui
416 1240 485 1292 sunt
506 1241 606 1307 patres
637 1239 668 1294 in
696 1251 797 1293 omnes
826 1235 1028 1295 adolescentes
1055 1233 1192 1310 judicesl
1242 1239 1308 1297 Ter.

1096 1342 1209 1400 Heent.
1237 1336 1308 1399 213.

689 1435 782 1501 2030.

175 1544 267 1615 Quam
286 1546 371 1616 juvat
392 1543 517 1602 immites
540 1549 643 1602 ventos
668 1544 771 1603 andire
785 1543 955 1601 cubantem!
979 1542 1043 1602 Tib.
1062 1544 1147 1617 Eleg.
1170 1542 1197 1615 1,
1220 1540 1305 1616 istd.

688 1659 781 1724 2031.

175 1764 341 1836 Quamlibet
362 1765 493 1825 infirmas
516 1765 636 1838 adjuvat
657 1767 704 1824 ira
725 1784 837 1825 manus.
884 1767 936 1826 Ov.
959 1767 1023 1827 Am.
1051 1765 1084 1836 1,
1109 1762 1145 1838 7,
1170 1762 1227 1825 66.

689 1880 783 1943 2032.

175 1990 267 2062 Quam
288 1990 365 2048 mele
387 1990 558 2063 inaequales
581 1988 704 2046 veniunt
726 1989 764 2047 ad
788 1995 887 2046 aratra
906 1990 1035 2061 juvenci,

259 2094 331 2151 Tam
353 2093 498 2166 premitur
520 2107 623 2164 magno
647 2093 769 2165 coniuge
794 2099 887 2164 nupta
907 2093 1012 2151 minor.
1048 2092 1101 2150 Ov,
1115 2093 1189 2152 Her.
1207 2089 1239 2166 9,
1257 2090 1302 2155 29.

687 2206 781 2270 2033.

175 2315 268 2387 Quam
291 2315 462 2386 miserest,
487 2316 538 2389 qni
560 2314 617 2374 fert
640 2315 793 2388 asperiora
815 2314 887 2373 lide!
933 2314 985 2374 Ov.
1009 2315 1094 2374 Pont
1120 2311 1150 2387 l,
1178 2313 1234 2389 10,
1258 2309 1302 2376 36.

688 2430 782 2492 2034.

174 2538 267 2609 Quem
288 2538 395 2610 multa,
414 2539 496 2611 justa
518 2539 642 2612 injuste,
665 2538 740 2599 fiunt
760 2532 907 2598 moribus!
949 2540 1017 2599 Ter,
1040 2540 1148 2601 Heant.
1174 2533 1253 2598 839.

342 2717 344 2720 y
688 2636 781 2701 2035.

174 2745 266 2816 Quam
288 2745 388 2818 potius
412 2744 575 2803 laudandus
598 2746 647 2804 hic
670 2750 731 2816 est,
755 2761 842 2818 quom
865 2747 948 2820 prole
976 2751 1082 2819 perata

260 2847 393 2921 Occupat
413 2848 444 2906 in
466 2865 559 2922 parve
580 2849 665 2922 pigra
687 2853 808 2906 senecta
830 2854 912 2906 cesa!
946 2849 1010 2909 Tib.
1033 2849 1115 2920 Eleg.
1143 2844 1303 2921 1,10,39.

690 2945 784 3009 2036.

174 3053 265 3125 Quum
286 3060 397 3112 temere
420 3053 451 3111 in
474 3060 589 3112 nosmet
611 3056 704 3127 legem
727 3054 874 3112 sancimus
896 3049 1041 3128 iniquam!

173 3156 248 3214 Nam
270 3157 351 3215 vitiis
375 3172 460 3215 nemo
484 3157 548 3216 sino
569 3158 718 3226 nescitum
742 3158 869 3231 optimus
892 3158 941 3217 ille
966 3165 1020 3230 est,

174 3258 230 3329 Qui
253 3259 379 3317 minimis
403 3264 534 3331 urgetur.
560 3288 597 3298 —
643 3261 716 3319 Hor.
740 3260 801 3319 Sat.
829 3257 860 3331 1,
884 3257 922 3333 3,
946 3257 996 3319 07.

685 3358 779 3424 2037.

422 3465 514 3537 Quam
538 3467 712 3526 veterrimus
726 3467 837 3526 homini
856 3469 984 3541 optimus
1003 3472 1046 3528 est
1058 3467 1183 3529 amicus.
1208 3468 1302 3528 Plent.

1018 3572 1106 3631 Truc.
1132 3569 1169 3643 1,
1195 3567 1233 3645 2,
1257 3566 1303 3630 71.

688 3669 782 3735 2038.

174 3765 313 3843 Quamvis
335 3778 405 3833 sunt
426 3774 480 3833 sub
504 3791 597 3849 aqua,
626 3777 679 3836 sub
702 3793 781 3851 equo
802 3778 979 3837 maledicere
1002 3783 1126 3838 tentent.
1162 3778 1219 3840 Ov.
1233 3780 1304 3839 Met

1172 3879 1211 3958 6,
1233 3876 1303 3943 370.

687 3978 782 4044 2039.

174 4084 312 4156 Quemvis
334 4089 459 4160 tegatur,
483 4086 620 4160 proditur
641 4089 724 4148 vultu
745 4087 836 4147 furor.
881 4089 950 4151 Seu.
971 4090 1063 4165 Hipp.
1087 4084 1165 4150 363.

688 4186 783 4253 2040.

174 4291 297 4363 Quando
321 4307 374 4365 ego
397 4308 455 4351 non
479 4294 564 4352 timui
586 4297 725 4370 grauiora
745 4297 878 4370 pericula
894 4300 995 4358 veris?

258 4396 317 4454 Res
340 4401 386 4455 est
407 4398 527 4458 solliciti
549 4399 636 4472 plena
657 4401 772 4460 timoris
796 4418 887 4462 amor.
932 4401 1081 4468 Ov.,Her.
1108 4395 1138 4471 1,
1169 4401 1220 4468 ll.
