2978 5048
632 463 661 477 Nl*
670 463 724 476 ὐιΑ
731 464 782 479 lusu
797 464 835 478 ‘VX

687 570 780 632 2182.

170 685 229 755 Qui
251 684 316 742 sine
338 681 460 750 virtute,
489 696 579 737 vanas
610 684 730 737 exercet
750 678 854 738 minas.
897 678 1025 739 Phaedr.
1049 680 1122 739 Fab.
1146 676 1175 753 3,
1199 678 1229 753 6,
1253 678 1301 738 11.

689 779 782 841 2183.

170 893 245 963 Quis
267 889 352 948 labor
373 894 419 947 est
440 906 543 962 puram
565 904 625 946 non
647 893 806 946 temerasse
829 887 932 946 fidem!
958 843 1019 947 ¹Ov.
1035 889 1123 946 Pout.
1139 885 1168 960 4,
1189 886 1235 960 10,
1253 885 1302 946 36.

694 986 789 1050 2184.

172 1098 245 1169 Quis
268 1100 363 1153 metus
387 1101 437 1153 aut
458 1095 555 1169 pudor
577 1101 622 1153 est
643 1111 772 1169 uuquam
794 1096 984 1169 properantis
1008 1095 1112 1154 avari?
1146 1096 1213 1153 Juv.
1238 1096 1300 1154 Sat.

1152 1195 1204 1268 14,
1232 1196 1300 1258 178.

690 1296 784 1358 2185.

175 1409 248 1480 Quis
270 1408 368 1465 minor
390 1412 436 1464 est
459 1413 556 1465 autem
580 1423 666 1479 quam
689 1407 817 1464 tacuisse
840 1404 946 1464 labor?
981 1407 1032 1466 Ov.
1056 1405 1120 1464 Am.
1145 1401 1175 1476 2,
1199 1401 1228 1474 2,
1252 1400 1303 1464 28.

693 1519 787 1584 2186.

175 1630 249 1700 Quis
272 1647 351 1687 nuuc
373 1629 507 1702 diligitur
529 1629 587 1687 uisi
611 1631 747 1688 conscius
771 1635 800 1688 et
823 1630 870 1687 cui
892 1629 1008 1687 fervens

171 1732 298 1791 Aestuat
327 1733 450 1790 occultis
475 1733 589 1791 unimus
612 1750 788 1807 semperque
811 1733 965 1791 tacendis?
1011 1735 1078 1792 Juv.
1103 1735 1162 1792 Sat.
1188 1729 1223 1804 3,
1253 1728 1303 1790 49.

694 1849 789 1914 2187.

173 1959 247 2030 Quis
271 1964 340 2031 post
369 1956 438 2015 vina
465 1974 583 2029 gravem
612 1958 746 2016 militiam
775 1964 826 2017 aut
859 1957 1032 2032 pauperiem
1062 1964 1188 2032 crepat?
1232 1960 1305 2018 Hor.

1049 2061 1104 2122 Od.
1131 2059 1165 2133 1,
1196 2058 1253 2133 18,
1277 2058 1304 2119 5.

690 2159 783 2224 2188.

174 2267 340 2339 Quisquam
363 2274 407 2326 est
430 2273 535 2341 sponte
558 2269 664 2340 miser,
688 2287 725 2327 nc
750 2271 840 2327 miser
863 2288 929 2328 esse
953 2275 1062 2344 queat?
1107 2252 1197 2328 Ruti'l.
1221 2271 1305 2328 Nam.

1140 2374 1209 2432 ltin.
1233 2368 1305 2430 444.

690 2472 784 2538 2189.
1179 2465 1184 2478 ’

174 2580 351 2654 Quisquam,
374 2579 471 2638 vivere
495 2597 560 2638 cum
583 2581 674 2651 sciat,
698 2587 851 2640 moratur?
886 2581 976 2639 Mart.
1000 2581 1104 2655 Epigr.
1128 2577 1158 2652 5,
1181 2575 1232 2651 20,
1260 2575 1308 2638 14.

686 2697 780 2761 2190.

180 2803 326 2877 Quisquis
349 2820 455 2875 magua
477 2804 575 2876 dedit,
604 2806 697 2864 veluit
719 2804 775 2863 sibi
799 2823 904 2879 magna
926 2805 1047 2864 remitti.
1091 2804 1180 2861 Mart.
1204 2803 1308 2875 Epigr.

1132 2901 1170 2978 5,
1196 2901 1253 2977 59,
1278 2901 1307 2964 3.

694 3007 787 3068 2191.

173 3114 321 3186 Quisquis
344 3115 411 3184 plus
430 3113 511 3184 justu
531 3130 587 3171 nun
605 3116 692 3190 sapit,
716 3116 767 3172 1115
782 3117 869 3188 sapit.
900 3116 989 3175 Mart.
1007 3117 1109 3189 Epigr.
1131 3111 1178 3185 14,
1194 3110 1265 3183 210,
1279 3108 1308 3171 2.

691 3229 785 3294 2192.

177 3336 322 3408 Quisquis
346 3336 484 3394 secundis
508 3336 595 3394 rebus
620 3339 748 3395 exsultat
770 3338 857 3394 nimis

175 3439 321 3512 Fluitque
344 3441 429 3510 luxu,
454 3457 571 3513 semper
592 3440 716 3498 insolita
739 3441 862 3513 appetit.
909 3439 977 3497 Seu.
1000 3440 1091 3513 Hipp.
1116 3436 1189 3497 204.

693 3554 786 3616 2193.

174 3665 250 3736 Quis
274 3665 344 3733 scit,
370 3681 405 3721 an
431 3664 575 3736 adjiciant
598 3663 761 3743 hodiernae
785 3663 917 3721 crastina
940 3679 1068 3720 summae

263 3769 410 3840 Tempora
433 3768 462 3825 di
485 3768 606 3840 superi?
652 3768 725 3826 Hor.
751 3767 804 3826 011.
829 3761 865 3836 4,
891 3762 926 3838 7,
954 3762 1001 3825 17.

692 3882 788 3943 2194.

177 3988 237 4060 Qui
261 3992 364 4048 statuit
387 3991 502 4064 aliquid
525 3999 609 4064 parte
632 3992 768 4050 inaudita
790 3993 893 4061 altera,

175 4094 312 4166 Aequum
336 4094 407 4152 licet
429 4095 585 4166 statuerit,
608 4095 687 4153 haud
710 4112 821 4168 aequus
844 4094 908 4153 fuit.
955 4093 1023 4153 Seu.
1046 4091 1126 4151 Med.
1155 4089 1224 4151 199.

692 4193 787 4256 2195.

173 4299 234 4370 Qui
258 4300 358 4358 studet
380 4307 510 4373 optatam
534 4317 621 4359 cursu
645 4301 816 4373 contingere
840 4305 955 4372 metam,

172 4402 275 4462 Multa
297 4405 366 4463 tulit
394 4404 522 4479 fecitque
545 4404 783 4478 pucr‚'sudavit
805 4410 836 4463 et
859 4406 937 4465 alsit.
981 4405 1054 4463 Hor.
1078 4407 1113 4465 A.
1137 4404 1171 4463 P.
1196 4397 1267 4461 412.
