2978 5048
666 596 668 602 .
696 526 768 590 276.

174 632 336 693 Consilium
360 653 498 695 arcanum
520 636 611 695 tacito
635 636 784 696 committe
807 634 919 694 sodali:

176 736 317 810 Corporis
341 739 480 798 auxilium
504 739 618 798 medico
642 739 791 798 committe
813 738 905 799 fideli.
951 740 1014 800 Cat.
1038 741 1114 799 Dist.
1139 732 1175 808 2,
1198 731 1253 795 22.

698 837 772 903 277.

178 942 341 1002 Consilium
363 944 448 1004 nobis
471 961 578 1020 resque
601 947 741 1019 locusque
764 944 885 1005 dabunt.
932 945 984 1005 Cv.
1007 943 1071 1003 Am.
1098 938 1129 1014 1,
1152 937 1187 1011 4,
1211 936 1266 1000 54.

703 1041 776 1105 278.

177 1150 366 1224 Conspicitur
388 1167 537 1224 nunqnam
559 1151 682 1209 meliore
704 1150 841 1223 potentia
863 1166 960 1221 causa,

264 1255 356 1326 Quam
371 1255 486 1328 quoties
508 1270 599 1313 vanas
621 1270 681 1312 non
693 1253 765 1312 sinit
774 1270 839 1313 esse
855 1270 969 1326 preces.
1001 1253 1053 1313 Ov.
1066 1253 1152 1312 Pont.
1165 1247 1195 1323 2,
1211 1247 1241 1323 9,
1260 1243 1310 1308 15.

701 1352 773 1415 279.

178 1458 354 1519 Constantes
377 1460 489 1518 animos
509 1458 622 1532 scripta
643 1460 756 1518 relecta
777 1464 902 1519 movent.
945 1460 998 1519 Ov.
1020 1461 1101 1518 Rern.
1127 1451 1198 1515 718.

703 1556 774 1622 286.

179 1664 321 1724 Constitit
343 1671 432 1739 atque
455 1663 548 1723 oculis
570 1665 699 1739 Phrygia
722 1667 838 1738 agmina
865 1665 1082 1741 circumspexit.
1126 1664 1208 1735 Virg.
1232 1661 1313 1720 Aen.

1185 1762 1227 1836 2,
1258 1759 1314 1824 68.

599 1871 602 1879 ’
704 1865 776 1928 281.
1210 1859 1212 1862 ’

431 1972 585 2032 Consuetis
608 1990 704 2032 serum
726 1979 772 2032 est
794 1991 830 2032 ex
853 1973 957 2032 ordine
978 1972 1046 2032 fatis

180 2074 339 2147 Ingemere.
362 2104 404 2114 -
448 2076 549 2136 Valer.
573 2078 673 2136 Flauo.
695 2076 804 2149 Argon.
828 2073 864 2146 4,
889 2071 962 2134 449.

707 2174 780 2239 282.

182 2280 347 2340 Contemsit
369 2297 469 2341 omnes
491 2284 560 2355 ille,
584 2283 634 2357 qni
657 2287 780 2341 mortem
803 2281 896 2355 prins·
942 2281 1009 2342 Son.
1032 2282 1122 2340 Here.
1146 2279 1212 2339 Oet.
1236 2272 1315 2338 443.

706 2379 779 2444 283.

429 2487 577 2547 Continuo
598 2504 693 2546 messe
715 2487 844 2546 senescit
867 2504 946 2560 ager.
991 2487 1043 2546 Cv.
1067 2487 1101 2546 A.
1124 2486 1160 2546 A.
1190 2479 1228 2550 3,
1260 2480 1316 2542 82.

707 2586 778 2649 284.

182 2693 330 2753 Continuo
354 2699 399 2752 est
421 2693 516 2765 aegris
538 2693 614 2752 alius
638 2695 729 2752 color.
753 2722 794 2734 -
839 2695 920 2768 Virg.
946 2694 1052 2766 Georg.
1078 2686 1113 2761 4,
1136 2681 1209 2746 254.

710 2791 781 2854 285.

183 2901 295 2959 Contra
317 2905 453 2972 potentes
477 2914 561 2957 nemo
585 2905 630 2957 est
651 2899 780 2957 munitus
803 2903 892 2959 satis:

183 3005 214 3063 Si
237 3018 307 3061 vero
330 3001 456 3060 accessit
478 3001 652 3059 consiliator
673 3002 833 3072 maleficus

184 3108 237 3164 Vis
260 3112 290 3164 et
313 3104 445 3177 nequitia
469 3103 612 3177 quidquid
635 3112 817 3178 oppugnant,
840 3105 907 3164 ruit.
937 3106 1064 3165 Phaedr.
1089 3105 1161 3164 Fab.
1185 3099 1215 3171 2,
1239 3096 1316 3174 6,1.

710 3203 781 3265 286.

433 3309 544 3368 Contra
566 3310 631 3382 quis
653 3309 732 3369 ierat
754 3328 835 3370 arma
858 3313 947 3370 deos?
976 3311 1040 3369 Tib.
1064 3311 1148 3384 Elcg.
1178 3308 1202 3381 1,
1217 3307 1248 3381 6,
1263 3307 1317 3368 36.

709 3409 780 3475 287.

185 3517 369 3577 Conveniens
397 3516 544 3576 hominem
567 3516 679 3575 homini
704 3524 749 3576 est
771 3533 890 3575 servare
913 3518 1058 3589 voluptas,

270 3621 311 3679 Et
332 3620 437 3679 melius
460 3621 542 3678 nulla
564 3621 716 3693 quaeritur
738 3625 802 3679 arte
825 3619 916 3680 favor.
961 3621 1013 3678 Ov.
1037 3622 1123 3679 Pont.
1147 3616 1176 3692 2,
1205 3617 1235 3690 9,
1262 3617 1317 3680 39.

709 3716 782 3783 288.

187 3825 387 3896 Conveniunt,
411 3823 516 3899 quibus
538 3832 590 3885 aut
612 3825 710 3884 odium
735 3827 855 3885 crudele
878 3829 997 3900 tyranni

186 3929 246 3989 Aut
267 3945 348 3987 mens
371 3944 441 3988 acer
463 3935 536 3988 erat.
560 3959 601 3968 —
646 3929 727 4002 Virg.
751 3928 824 3987 Aen.
852 3926 877 3998 1,
903 3925 974 3986 365.

712 4027 784 4091 289.

187 4133 345 4193 Conversis
367 4134 472 4194 studiis
496 4141 577 4194 aetas
601 4136 774 4209 animusque
796 4136 890 4196 virilis

188 4237 311 4308 Quaerit
333 4253 405 4312 opes
428 4242 458 4296 et
480 4239 642 4309 amicitias,
673 4239 797 4297 inservit
817 4239 934 4308 honori,

188 4339 377 4400 Commisisse
400 4347 492 4413 cavet,
518 4344 597 4416 qnod
619 4358 686 4401 mox
708 4328 823 4402 mutare
846 4342 970 4401 laboret.
1005 4342 1078 4400 Hor.
1102 4341 1136 4400 A.
1160 4341 1193 4400 P.
1221 4335 1294 4402 166.
