2978 5048
652 335 857 440 ms..

389 525 508 593 injustus
527 529 570 579 est
587 524 646 578 542.
682 523 765 578 2412:
787 538 851 578 raro
870 539 930 577 cum
948 521 1095 591 prudentia
1113 524 1243 578 convenit
1257 523 1310 579 415:

387 613 501 665 miseros
520 627 575 665 non
593 610 666 664 levat
684 609 766 663 1633:
784 610 874 677 gravis
891 625 946 663 non
965 615 1016 678 est,
1035 607 1165 676 quamdin
1182 610 1312 665 consilium

391 710 490 763 capere
508 701 601 763 potest
619 695 698 749 1127:
717 696 838 749 inclusus
857 701 938 763 atque
957 695 1063 749 eelatus
1072 694 1262 750 vehementior
1277 704 1313 752 cst

388 781 471 836 254οε
490 797 572 835 verus
591 781 670 837 dolor
687 782 733 836 ille
752 786 807 848 est,
825 796 904 849 quem
922 795 1002 834 nemo
1020 781 1096 836 videt
1113 780 1185 836 905:
1211 797 1312 852 magnus

389 868 468 923 dolor
487 867 603 922 alienam
621 868 801 922 calamitatem
818 867 937 921 libenter
961 871 1062 921 tractat
1083 866 1148 921 766;
1176 868 1312 924 vehemens

390 954 470 1008 dolor
488 968 549 1008 sese
567 953 646 1008 linire
664 955 724 1022 ipse
743 954 838 1021 nequit
856 951 939 1005 1191:
958 952 1069 1006 nimium
1079 951 1170 1007 dolori
1181 954 1311 1024 indulgere

388 1054 439 1094 neo
457 1040 571 1107 prodest
587 1055 639 1093 nec
658 1039 736 1093 decet
762 1039 820 1092 698.
857 1038 937 1092 2136:
964 1038 1065 1093 virtute
1090 1039 1262 1094 cohibendus
1278 1048 1313 1096 est

390 1124 472 1179 1186:
500 1125 618 1179 lacrimis
643 1140 729 1193 aeque
756 1140 787 1178 ac
811 1124 929 1179 vindicta
946 1126 1076 1180 minuitur
1094 1126 1179 1180 1273:
1212 1127 1314 1181 cuilibet

389 1211 478 1266 dolori
495 1211 626 1279 patientia
642 1210 767 1266 medetur
776 1211 839 1265 323:
858 1211 961 1266 doloris
979 1225 1105 1279 magnum
1124 1219 1169 1267 est
1183 1213 1313 1280 ingenium

388 1298 453 1353 776;
471 1312 535 1366 pars
554 1303 597 1351 est
615 1298 768 1352 meminisse
788 1296 890 1352 doloris
908 1297 990 1350 1812:
1013 1311 1147 1365 praesens
1168 1297 1249 1352 dolor
1265 1314 1313 1352 non

390 1399 498 1451 semper
516 1384 607 1437 sanari
625 1389 717 1451 potest
736 1384 815 1437 1663:
833 1398 965 1450 praesens
985 1383 1063 1437 dolor
1080 1382 1177 1437 futuro
1197 1389 1313 1452 tempore

386 1467 519 1536 prodesse
535 1469 610 1523 'solet
634 1469 714 1523 1915:
736 1468 879 1536 praeteriti
901 1468 1004 1522 doloris
1022 1469 1180 1522 recordatio
1200 1469 1314 1524 oblecta-

386 1557 489 1609 tionem
506 1555 589 1608 babet
607 1554 684 1608 1243.
721 1554 804 1607 2011:
823 1554 927 1622 gloriae
947 1551 1097 1620 cupiditate
1115 1556 1251 1609 minorem
1268 1559 1315 1610 vim

388 1641 472 1695 babet
488 1640 564 1694 2383.

181 1723 281 1782 Domus
305 1726 350 1796 [ef.
369 1727 486 1795 Patria]:
512 1742 577 1780 area
603 1726 680 1795 prius
705 1725 861 1793 quaerenda
885 1731 928 1779 est
946 1739 1024 1793 quam
1043 1724 1139 1780 domus
1160 1733 1316 1782 exstruatur

388 1813 468 1866 1956:
498 1813 578 1867 exilis
604 1813 698 1866 domus
717 1813 779 1866 605:
805 1812 877 1865 domi
900 1812 1000 1879 optime
1025 1826 1119 1865 manes
1145 1813 1212 1866 609:
1239 1821 1318 1882 prout

387 1898 491 1966 domus,
509 1899 547 1952 ita
565 1913 666 1952 coenae
685 1899 769 1951 2582:
788 1898 834 1965 qui
854 1897 948 1950 domus
961 1903 1069 1951 secreta
1077 1899 1163 1968 norit,
1184 1901 1316 1954 timendus

388 1989 431 2036 est
448 1983 531 2035 2365:
555 1986 671 2037 maxima
689 2000 813 2052 qrraeque
832 1983 927 2036 (lomus
945 1978 1149 2051 superbissimis
1169 1988 1260 2040 servis
1277 2002 1316 2040 re-

385 2066 457 2122 ferta
483 2075 526 2121 est
551 2068 631 2122 123οε
656 2070 684 2123 in
707 2085 762 2124 una
786 2069 865 2124 domo
883 2069 1021 2123 hominum
1038 2085 1129 2125 mores
1148 2087 1316 2140 cognoscere

386 2155 451 2209 licet
468 2153 527 2207 882,

180 2238 285 2296 Donum
304 2239 350 2306 [cf.
369 2240 531 2308 Beneficial:
556 2241 688 2295 donorum
706 2257 804 2310 magna
821 2242 861 2294 vis
880 2240 938 2295 467,
974 2240 1057 2293 1375ε
1081 2255 1140 2295 eam
1159 2243 1248 2298 babet
1265 2261 1317 2298 ma·

382 2327 526 2394 jestatem,
545 2342 615 2395 qua,
634 2328 680 2395 qui
698 2328 795 2395 donat,
821 2327 907 2380 utitur
925 2326 1004 2380 1192:
1029 2326 1081 2380 vile
1102 2326 1207 2382 donum
1225 2337 1256 2385 et
1273 2331 1316 2384 ab·

382 2414 486 2479 jectum
512 2413 611 2480 efficit,
637 2419 668 2467 ut
685 2412 762 2468 nulls
779 2413 914 2466 referetur
937 2414 1025 2480 gratia
1047 2412 1130 2466 1982:
1160 2414 1251 2468 multa
1273 2414 1316 2469 do·

385 2503 495 2564 uantur,
512 2499 648 2565 ingenium
668 2498 740 2552 dono
758 2513 838 2551 nemo
857 2498 905 2551 dat
922 2497 986 2551 144:
1011 2499 1090 2553 donis
1108 2499 1190 2553 stulti
1209 2517 1316 2569 quoque

385 2582 505 2652 gaudent
521 2584 597 2636 2551.

178 2668 231 2725 llos
251 2668 295 2734 [cf.
316 2668 483 2738 conjugium.
509 2668 609 2734 Uxor]:
628 2669 692 2723 boni
711 2684 800 2722 mores
820 2669 922 2736 optima
938 2669 1048 2737 puellae
1065 2669 1116 2724 dos
1133 2668 1202 2725 490:
1221 2689 1317 2742 magna

385 2754 435 2807 dos
453 2762 552 2808 cuncta
569 2754 677 2822 puellae
696 2755 761 2808 vitia
779 2757 846 2824 tegit
864 2754 928 2808 484:
942 2749 1060 2809 'veniunt
1078 2771 1095 2810 a
1112 2756 1179 2812 dote
1199 2761 1315 2828 sagittae

384 2839 460 2893 1017.
497 2840 572 2893 1469.
608 2839 683 2893 2777.

178 2920 264 2978 Dulce
284 2922 329 2992 [cf.
350 2923 478 2993 Gaudial:
497 2927 556 2982 utili
574 2927 689 2980 miscere
708 2941 839 2980 summum
859 2933 902 2981 est
920 2928 995 2981 1797.

177 3009 253 3065 Dux:
272 3009 304 3064 cf.
323 3011 482 3078 Imperator.

176 3351 304 3409 Ebrietas
323 3352 367 3421 [cf.
386 3352 512 3420 Vinum]:
531 3354 615 3407 multa
633 3355 717 3409 efficit
734 3357 809 3409 2111.

175 3438 321 3509 Educatio,
340 3436 485 3495 Institutio
511 3439 556 3504 [cf.
576 3440 674 3493 Liberi.
711 3442 853 3495 Parentes.
890 3442 989 3495 Studia·
1008 3443 1175 3512 literarum]:
1201 3447 1313 3500 multum

380 3523 479 3593 refert,
512 3526 600 3593 qualis
626 3527 775 3582 liberorum
801 3528 926 3582 educatio
956 3528 1113 3598 [institutio]
1146 3531 1184 3585 sit
1213 3532 1313 3602 [fuerit]

380 3610 440 3664 788.
478 3610 552 3665 1942.

175 3694 262 3754 Error
280 3696 323 3767 [cl.
342 3696 452 3764 Fraus]:
478 3711 543 3750 suus
567 3699 663 3766 cuique
689 3704 732 3752 est
749 3698 833 3766 2517:
858 3700 887 3753 in
914 3700 1009 3754 animis
1032 3700 1172 3755 bominum
1199 3705 1313 3759 multum

381 3783 483 3836 erroris
501 3784 574 3837 inest
591 3782 675 3838 2041:
699 3799 809 3838 errores
832 3787 978 3839 amantium
996 3786 1107 3853 plurimi
1125 3786 1193 3843 706:
1224 3791 1313 3846 scelus

382 3884 437 3921 non
454 3867 539 3923 habet
556 3870 634 3924 1657.
670 3870 752 3924 221οε
784 3872 939 3926 errantibus
957 3872 1151 3941 obtemperare
1170 3877 1230 3932 noli
1248 3878 1312 3933 192:

381 3960 505 4008 errantes
523 3955 551 4009 in
569 3962 671 4009 rectam
689 3957 758 4010 viam
777 3956 908 4012 reducere
928 3958 1056 4012 decorum
1075 3966 1118 4014 est
1136 3961 1196 4018 868.

174 4038 297 4096 Eventus
317 4039 361 4107 [cf.
373 4039 502 4094 Fortuna.
522 4041 698 4110 Successus]:
717 4059 772 4096 non
785 4048 849 4097 sunt
860 4043 932 4099 facta
945 4045 978 4098 ab
991 4051 1092 4100 eventu
1100 4051 1244 4106 censenda
1255 4051 1310 4107 205.

174 4125 317 4201 Exempla:
346 4127 446 4181 docent
463 4127 521 4181 600.
558 4127 770 4195 997εωεςηιιω
789 4130 842 4182 vim
860 4130 962 4185 habent
979 4132 1020 4186 46.
1057 4132 1109 4188 375
1127 4165 1163 4176 —-
1181 4136 1312 4205 imprimis

379 4214 530 4282 principum
557 4213 617 4266 269.
658 4213 734 4267 2293.
776 4215 853 4269 2680.
889 4216 965 4272 2737.
1002 4218 1085 4273 27663
1112 4235 1165 4276 sua
1197 4225 1311 4293 quisque

380 4299 505 4369 exempla
523 4300 681 4369 aequanime
698 4301 819 4371 patiatur
836 4301 912 4357 2555.
