2948 5040
726 364 785 428 116

652 448 732 463 VN«
739 452 756 463 -.’
771 455 775 461 ι
785 452 801 464 Ι
805 451 856 465 Μ

701 558 792 622 1492.

183 666 277 724 Nemo
301 665 339 724 ad
361 666 392 725 id
415 684 481 724 sero
505 667 601 736 venit,
626 665 704 724 unde
726 684 888 740 nunquam,

185 768 256 828 Gurn
280 771 371 829 semel
393 771 492 839 venit,
516 771 614 843 potuit
636 771 755 830 reverti.
801 770 870 830 Seu.
893 772 985 831 Herc.
1008 771 1079 831 Fur.
1103 767 1177 831 865.

703 868 794 933 1493.

433 978 526 1035 Nemo
549 978 646 1035 estin
670 993 770 1035 amore
794 976 898 1036 fidelis.
934 978 1023 1050 Prop.
1047 977 1131 1049 Eleg.
1156 972 1186 1045 2,
1211 973 1265 1047 25,
1291 975 1322 1038 3.

621 1128 627 1137 .
705 1074 795 1140 1494.

184 1186 277 1243 Nemo
299 1183 428 1241 libenter
449 1184 571 1254 recolit,
596 1185 646 1257 qui
668 1185 770 1262 laesit,
794 1184 900 1241 locum.
935 1184 1063 1242 Phaedr.
1076 1184 1148 1243 Feb.
1168 1183 1194 1253 1,
1214 1181 1264 1255 18,
1295 1183 1323 1244 1.

705 1283 797 1344 1495.

181 1392 275 1451 Nemo
298 1392 392 1450 malus
414 1389 494 1450 felix.
521 1419 561 1428 -
606 1389 673 1449 144.
698 1390 759 1450 Sat.
786 1387 820 1460 4,
845 1387 874 1451 8.

702 1507 794 1567 1496.

181 1616 274 1675 Nemo
296 1631 406 1673 nocens
430 1613 486 1671 sibi
510 1611 709 1688 ipse-poenas
732 1615 855 1688 irrogat.
900 1615 968 1674 Seu.
991 1617 1079 1676 Herc.
1104 1616 1168 1674 Oet.
1193 1611 1269 1673 899.

703 1730 796 1793 1497.

179 1839 273 1898 Nemo
296 1843 432 1911 potentes
455 1837 574 1909 aggredi
597 1842 677 1896 tutus
691 1826 810 1910 potest.
855 1840 923 1935 sen.
946 1839 1026 1900 Med.
1051 1836 1123 1897 439.

483 1960 487 1969 ·
703 1935 794 2001 1498.

178 2046 273 2104 Nemo
295 2052 418 2119 repente
442 2045 496 2104 luit
517 2046 718 2120 turpissimus.
741 2071 784 2084 -
828 2045 894 2105 Jnv.
919 2045 981 2107 Set.
1005 2041 1041 2113 2,
1066 2043 1117 2107 83.

703 2144 794 2210 1499.

426 2254 520 2313 Nemo
543 2254 608 2311 sine
632 2252 755 2312 crimine
777 2251 858 2311 vivit.
905 2251 968 2312 Cat.
993 2253 1069 2311 Dist.
1097 2251 1129 2321 1,
1153 2250 1182 2312 5.

700 2367 791 2430 1500.

177 2480 290 2552 Nempe
312 2475 431 2545 4144141,
455 2476 621 2549 cuicunque
643 2436 730 2548 111444,
753 2475 873 2534 fortuna
895 2477 1049 2557 rupitque:

263 2582 330 2640 Irus
353 2588 383 2639 et
400 2585 445 2638 est
459 2578 567 2650 subito,
591 2581 642 2654 qui
656 2580 743 2639 modo
757 2579 883 2638 Croesus
896 2586 970 2640 erat.
995 2581 1046 2640 04.
1060 2580 1150 2640 Trist.
1166 2575 1194 2652 3,
1212 2577 1241 2653 7,
1256 2573 1310 2643 41.

699 2697 789 2760 1501.
911 2711 916 2719 ·

176 2808 310 2881 Nequam
334 2802 407 2863 illud
429 2803 549 2863 verbum
573 2811 619 2863 est
641 2805 734 2881 „bene
757 2802 850 2875 vnlt“,
873 2805 931 2863 nisi
943 2805 993 2878 qui
1009 2805 1086 2863 bene
1102 2803 1181 2864 facit.
1206 2806 1309 2865 Plaut.

1031 2909 1113 2966 Trin.
1138 2903 1174 2978 2,
1198 2905 1236 2978 4,
1262 2904 1316 2968 38.

701 3006 792 3070 1502.

427 3114 531 3188 Neque
554 3129 670 3188 semper
692 3130 793 3173 arcum

174 3216 283 3276 Tendit
305 3216 421 3291 Apollo.
445 3246 488 3256 -
531 3217 604 3280 Hor.
633 3217 687 3276 Od.
712 3212 750 3291 2,
777 3213 831 3291 14),
860 3214 907 3277 19.

699 3316 788 3380 1503.

422 3424 527 3499 Neque
548 3426 611 3491 4114
636 3430 682 3485 est

171 3525 233 3583 Aut
255 3541 359 3597 magno
382 3532 433 3585 444
454 3544 548 3600 parvo
572 3528 625 3588 leti
647 3528 728 3601 fuga:
753 3544 827 3603 qno,
850 3528 943 3599 bone,
969 3531 1058 3599 eirca,

174 3627 252 3686 Dum
274 3628 360 3698 licet,
383 3629 413 3686 in
437 3629 524 3689 rebus
543 3631 681 3704 jucundis
704 3633 769 3690 vive
794 3632 908 3704 beatus,

173 3731 246 3791 Vive
269 3749 394 3805 mernor,
419 3750 505 3807 quam
529 3736 570 3794 sis
593 3738 658 3795 aevi
680 3736 788 3796 brevis.
812 3763 847 3774 -
898 3728 974 3795 Hor.
999 3736 1060 3796 Sat.
1085 3730 1121 3808 2,
1146 3731 1184 3812 6,
1208 3734 1263 3797 94.

632 3887 638 3898 -
695 3838 794 3917 4444·

420 3929 580 4032 Nequeunt
602 3977 639 4019 cx
662 3961 796 4023 omnibus
820 3962 919 4029 omnia
941 3961 1030 4034 gigni,

172 4057 257 4130 Quod
279 4059 368 4123 certis
391 4060 422 4119 in
445 4061 532 4122 rebus
555 4064 634 4163 inest
656 4062 918 4124 secretafecultas.
947 4065 1067 4125 Lucret.
1082 4065 1117 4125 R.
1133 4065 1170 4126 N.
1192 4063 1218 4138 l,
1238 4062 1311 4128 172.

693 4180 786 4245 1505.

170 4284 216 4342 Ne
240 4283 311 4357 quid
333 4291 485 4359 exspectes
510 4288 634 4358 amicos,
664 4287 743 4361 quod
766 4293 827 4347 tute
851 4305 940 4362 agere
962 4291 1086 4362 possies.
1133 4290 1211 4350 Enn.
1238 4291 1303 4352 Set.

799 4444 802 4451 .
877 4393 1054 4467 epud‚Gell.
1079 4394 1115 4453 N.
1140 4394 1176 4456 A.
1201 4389 1231 4465 2,
1257 4390 1310 4456 29.
