2978 5048
707 381 770 445 267

637 465 842 482 mm

387 570 463 638 regni
481 567 564 624 sociis
591 567 667 622 nulla
691 568 760 624 fides
787 570 862 624 1693.
899 568 967 623 1703
992 583 1081 637 neque
1104 567 1250 623 concordia
1267 571 1311 623 est

385 657 467 710 2498:
485 659 560 709 metu
579 655 771 710 custodiuntur
788 657 869 710 1761:
893 656 950 711 otio
969 670 1052 723 saepe
1069 655 1211 723 perierunt
1228 654 1307 707 1857:

384 742 475 810 regnis
493 747 567 795 muta
584 740 698 795 libertas
716 756 799 811 saepe
817 742 909 810 lingua
926 744 1010 812 magis
1028 748 1110 797 nocet
1117 741 1198 794 2318:
1217 756 1310 809 regna,

383 845 440 883 non
450 842 538 896 reges,
556 827 685 881 coluntur
698 828 777 882 1887:
796 830 873 897 regni
890 829 978 897 gloria
995 830 1024 883 in
1042 842 1158 896 corpore
1172 828 1309 894 regnantis

383 915 452 969 nihil
479 912 563 968 efficit
587 913 671 967 1548:
697 921 740 969 est
761 915 862 983 aliquid
886 914 974 969 valide
998 928 1113 982 regnare
1136 912 1198 966 533:
1226 927 1310 980 regna

382 1002 484 1056 habere
502 1014 583 1054 casus
602 1005 658 1068 est,
677 1001 736 1056 aliis
757 1001 821 1055 dare
839 1002 924 1055 virtus
943 999 1006 1054 tet:
1031 1013 1110 1054 omne
1128 1014 1240 1069 regnum
1258 992 1309 1052 emt

384 1103 468 1157 regno
486 1087 611 1155 graviore
631 1091 674 1140 est
691 1085 767 1140 1794.

172 1174 299 1249 Religio:
318 1175 351 1230 cf.
369 1175 453 1231 Deus.
487 1173 586 1227 Pietas.

173 1260 378 1336 Reprehensio:
398 1261 430 1315 cf
450 1259 618 1328 Objurgatio.

172 1349 231 1405 Res
257 1347 299 1415 [cf.
322 1347 447 1402 Mundus.
482 1344 622 1414 Negotialz
648 1343 738 1398 nullus
763 1360 855 1399 rerum
881 1350 970 1399 status
988 1347 1123 1418 perpetuo
1142 1349 1235 1398 manet
1250 1343 1310 1397 337.

385 1432 461 1486 1380.
497 1431 572 1485 1510,
608 1429 689 1482 2416:
713 1430 741 1482 in
766 1431 850 1484 certis
876 1431 958 1485 rebus
982 1437 1090 1486 secreta
1107 1430 1222 1485 facultas
1239 1430 1311 1485 inest
1340 1460 1342 1463 ·

383 1517 465 1573 1504:
494 1532 585 1570 rerum
603 1530 700 1569 causas
720 1518 880 1584 cognovisse
903 1517 1016 1572 multum
1038 1523 1080 1571 est
1097 1515 1161 1570 678:
1190 1531 1236 1570 res
1258 1516 1311 1570 sibi

385 1619 517 1673 quemque
536 1602 695 1656 submittere
715 1602 794 1656 decet
811 1604 891 1656 1262:
921 1605 1001 1657 etiam
1019 1618 1119 1671 parvae
1138 1617 1183 1655 res
1197 1603 1309 1671 junctae

383 1704 466 1758 saepe
484 1689 577 1744 valent
593 1687 677 1741 2392:
701 1693 783 1755 prout
802 1690 915 1758 quisque
934 1690 1016 1744 rebus
1035 1689 1128 1756 utitur,
1145 1687 1186 1741 ita
1204 1687 1311 1741 diversa

383 1775 506 1831 efficiunt
522 1775 587 1829 898:
611 1789 669 1842 res,
693 1790 753 1828 cum
771 1780 944 1844 spectantur,
969 1775 1121 1830 censendae
1145 1781 1208 1830 sunt
1225 1775 1308 1829 2277:

383 1862 469 1918 omnis
488 1876 533 1915 res
552 1859 669 1915 difficilis
689 1865 746 1930 est,
765 1861 812 1916 ubi
830 1861 907 1916 inviti
924 1862 1036 1916 facimus
1055 1861 1131 1917 1688.

170 1952 233 2009 Res
251 1949 397 2006 adversae:
417 1946 450 2001 cf.
468 1946 547 2000 Mala.

172 2039 235 2095 Res
253 2033 416 2093 familiaris:
436 2032 468 2086 cf.
487 2033 578 2100 Bona,
595 2031 723 2087 Pecunia:

173 2124 235 2181 Res
253 2122 359 2195 gestae:
378 2121 468 2174 Facta

174 2207 363 2284 Respublica:
382 2206 415 2261 cf.
432 2205 533 2260 Patria.
568 2203 670 2274 Regna.

174 2297 236 2354 Bes
254 2293 403 2351 secundae:
422 2290 456 2346 cf.
475 2290 609 2346 Secunda.

176 2383 273 2440 Reus:
292 2380 324 2435 cf.
342 2379 460 2434 Nocens.

177 2465 342 2526 Ridiculum
369 2465 413 2532 [cf.
432 2463 533 2518 Ludus.
562 2461 683 2531 Nugae]:
709 2464 840 2532 majorem
866 2479 944 2532 quam
970 2478 1032 2519 acre
1056 2464 1107 2517 vim
1128 2462 1210 2516 habet
1231 2460 1312 2515 2296:

387 2550 492 2626 facilius
511 2549 695 2616 libentiusque
714 2565 794 2616 quam
812 2555 934 2604 sanctum
954 2551 1068 2605 discitur
1085 2548 1142 2603 440.

180 2637 268 2696 Risus
287 2638 331 2708 [cf.
349 2635 469 2705 Ludusl:
487 2636 595 2703 ineptus
617 2635 793 2689 stultissimus
812 2636 947 2692 est1420.

178 2726 299 2783 Rumor:
319 2724 351 2778 cf.
370 2724 459 2777 Fama.

179 2813 255 2883 sus,
273 2808 389 2868 Rustica
406 2808 479 2866 vita:
498 2806 533 2863 cf.
550 2807 735 2878 Agricultura.

182 3154 329 3214 Sacrificio
355 3155 397 3225 [cf.
420 3154 528 3208 Preces.
566 3152 663 3221 Vota]:
692 3169 747 3207 non
771 3152 868 3221 refert,
893 3157 995 3220 quanta
1020 3150 1071 3205 deo
1090 3150 1221 3204 sacrificia
1240 3149 1315 3218 fiant,

390 3240 439 3295 sed
458 3256 511 3309 quo
530 3242 618 3294 animo
636 3240 712 3293 2004.
748 3239 823 3292 2402.

182 3328 282 3387 Salus:
300 3329 332 3384 cf.
351 3328 483 3393 Fortuna,
501 3328 589 3394 Mors,
606 3326 676 3379 Vita.

181 3413 309 3472 sanius:
328 3415 362 3470 cf.
379 3413 524 3468 Valetudc.

179 3500 312 3576 Sapiens:
335 3515 454 3555 summus
479 3500 560 3553 homo
580 3504 623 3552 est
639 3497 689 3551 25:
718 3498 775 3551 acie
795 3497 895 3566 ingenii
913 3494 1005 3551 futura
1023 3495 1110 3549 cernit
1128 3495 1208 3549 1067:
1233 3497 1315 3551 tacite

388 3586 488 3654 gaudet
516 3585 598 3639 2167:
628 3600 678 3638 suo
711 3588 855 3638 contentus
885 3588 927 3636 est
954 3582 1036 3636 1107:
1066 3582 1133 3635 nihil
1159 3584 1317 3638 necessitati

389 3678 470 3740 negat
487 3672 568 3725 1451:
597 3671 712 3725 animum
732 3685 810 3724 suum
833 3675 1003 3737 mentemque
1030 3667 1141 3722 flectere
1160 3668 1232 3722 omni
1250 3673 1317 3721 tcm-

390 3773 458 3826 pore
476 3764 569 3825 potest
593 3757 674 3812 1068:
703 3771 820 3824 aequum
845 3770 954 3824 semper
979 3756 1096 3808 animum
1120 3759 1213 3808 servat
1235 3753 1316 3807 2518:

389 3851 512 3912 tempore
531 3845 617 3898 utitur
627 3843 710 3896 1608:
730 3844 822 3912 operis
842 3842 928 3897 omnis
947 3840 1038 3908 opifex
1056 3841 1173 3906 optimus
1184 3840 1317 3894 est2333:

391 3930 522 3998 exemplis
545 3931 678 3995 ,vitiorum
701 3929 787 3983 utitur
813 3930 867 3996 ita,
893 3931 923 3981 ut
948 3941 1010 3980 sese
1036 3926 1095 3993 ipse
1114 3925 1232 3994 corrigat
1243 3926 1315 3994 ,6242

390 4033 486 4086 sapere
506 4021 548 4070 est
565 4017 628 4083 plus
644 4017 721 4083 justo
744 4032 800 4070 non
825 4029 922 4082 sapere
947 4010 1032 4066 2191:
1058 4026 1137 4066 nemo
1157 4012 1232 4066 solus
1252 4014 1318 4066 satis

390 4105 462 4172 sapit
484 4103 546 4156 110:
573 4102 619 4169 qui
642 4117 694 4170 per
716 4116 746 4155 se
771 4117 825 4155 non
844 4101 930 4178 sapit,
955 4098 1058 4151 frustra
1075 4099 1225 4167 sapientem
1244 4099 1320 4153 audit

390 4190 473 4244 1566:
495 4187 598 4241 frustra
616 4189 725 4255 sapiens
744 4188 828 4257 sapit,
852 4188 905 4241 nisi
933 4184 984 4240 sibi
1002 4184 1062 4252 ipse
1080 4185 1212 4252 prodesse
1230 4186 1319 4252 possit

391 4276 475 4329 2146:
494 4276 632 4342 sapientes
651 4273 730 4342 pauci
750 4278 814 4327 sunt
831 4272 913 4325 2429:
941 4271 986 4340 qui
1006 4286 1121 4341 corpore
1139 4270 1239 4326 infirmi
1256 4286 1319 4341 par-

390 4361 485 4430 vique,
503 4375 585 4431 saepe
605 4360 799 4428 sapientissimi
817 4364 881 4413 sunt
898 4358 958 4414 275.
