2978 5048
631 377 671 439 33

545 460 632 475 VWu
640 465 653 475 v
660 462 697 475 *fv
707 461 748 475 JV·

612 566 685 630 423.

334 673 435 746 Digito
458 690 612 748 compesce
633 674 784 734 labellum.
829 675 893 734 Juv.
917 673 977 732 Sat.
1002 670 1030 742 1,
1055 667 1125 730 160.

610 788 683 853 424.

77 893 215 966 Dignum
237 895 326 954 laude
348 897 444 955 virum
465 896 552 955 Musa
572 903 655 956 uetat
675 898 766 956 mori:

78 995 176 1056 Coelo
199 997 287 1057 Musa
309 999 386 1059 beat.
412 1029 448 1038 —
495 1001 568 1058 Hor.
593 1001 646 1059 Od.
669 999 704 1072 4,
728 995 765 1071 8,
789 994 839 1057 28.
922 1068 925 1073 ¹

611 1115 683 1180 425.

77 1223 228 1296 DiligItur
250 1239 344 1296 nemo,
369 1226 426 1283 nisi
450 1225 497 1282 cui
520 1217 655 1283 Fortuna
672 1224 801 1284 secunda
815 1231 869 1283 est.
902 1223 954 1282 Or.
970 1223 1055 1281 Pont.
1070 1216 1100 1292 2,
1117 1217 1145 1294 3,
1161 1217 1216 1280 23.

611 1340 684 1403 426.

80 1448 120 1505 Di
144 1450 291 1521 majorum
314 1448 425 1506 umbris
448 1454 566 1508 tenuem
590 1454 620 1507 et
642 1450 708 1507 sine
727 1448 860 1521 pondere
883 1453 992 1505 terram

83 1551 299 1626 Spirantesque
323 1567 425 1610 crocos
447 1553 528 1610 etin
551 1568 627 1610 urna
648 1559 821 1625 perpetuum
844 1567 905 1622 ver,

87 1654 143 1725 Qui
163 1661 392 1729 praeceptorem
414 1656 510 1713 sancti
533 1656 654 1712 voluere
670 1656 803 1729 parentis

80 1758 161 1816 Esse
184 1761 262 1817 loco.
287 1787 327 1798 -
350 1758 417 1817 Juv.
442 1757 503 1816 Sat.
529 1755 563 1830 7,
588 1752 660 1816 207.

613 1872 687 1938 427.

334 1983 374 2040 Di
397 1998 540 2041 memores
563 1980 644 2040 fandi
661 1986 749 2054 atque
762 1980 889 2040 nefandi.
919 1981 1000 2052 Virg.
1012 1981 1085 2039 Aen.
1103 1977 1129 2050 1,
1141 1974 1213 2037 547.

613 2093 685 2159 428.

72 2206 247 2269 Dimidium
269 2205 353 2275 facti,
379 2206 429 2280 qui
451 2205 566 2278 coepit,
589 2205 693 2275 habet;
717 2221 821 2278 sapere
844 2206 934 2264 aude:

72 2314 197 2384 Incipe.
243 2309 300 2380 Qui
320 2314 403 2367 recte
425 2309 543 2368 vivendi
566 2315 709 2382 prorogat
731 2309 844 2379 horam,

70 2414 222 2474 Rusticus
247 2417 413 2484 exspectat,
437 2411 504 2469 dum
528 2410 637 2470 defluat
659 2412 768 2470 amnis:
792 2412 897 2471 atille

72 2517 209 2577 Labitur
232 2522 263 2574 et
284 2515 400 2574 labetur
421 2515 452 2573 in
476 2530 562 2573 omne
584 2514 721 2574 volubilis
743 2531 856 2575 aevum.
889 2517 961 2574 Hor.
984 2514 1042 2588 Ep.
1069 2510 1095 2585 1,
1119 2508 1148 2584 2,
1161 2509 1212 2574 40.

610 2627 682 2692 429.
773 2602 786 2633 ⁴

75 2741 115 2799 Di
140 2739 197 2813 pia
217 2737 430 2798 iacta-vident.
457 2769 492 2778 —
540 2737 593 2797 Ov.
615 2737 698 2796 Fast.
723 2731 757 2809 2,
785 2732 852 2798 117.
887 2821 889 2825 ⁴

611 2836 683 2899 430.

71 2948 157 3007 Dira
178 2963 234 3021 per
255 2947 406 3006 incautum
428 2950 551 3018 serpunt
574 2945 712 3018 contagia
733 2946 844 3019 vulgus.
875 2946 956 3018 virg.
969 2945 1076 3018 Georg.
1089 2941 1118 3018 3,
1133 2942 1207 3007 460.

608 3041 681 3106 431.

330 3152 449 3211 Direxit
468 3150 593 3210 brachia
615 3157 719 3210 contra

67 3260 269 3319 Torrentem·
294 3284 332 3296 -
379 3256 445 3315 Juv.
469 3254 529 3313 Sat.
552 3250 588 3325 4,
613 3246 664 3313 80.

610 3351 684 3414 432.

67 3468 193 3528 Diruta
215 3467 284 3522 sunt
305 3463 390 3533 aliis,
420 3462 472 3520 uni
493 3461 566 3519 mihi
588 3460 733 3533 Pergama
754 3466 877 3521 restant.
915 3462 975 3521 '0v.
998 3463 1068 3521 Her.
1096 3457 1129 3533 1,
1162 3458 1212 3524 51.

610 3558 682 3621 433.
1274 3559 1276 3564 ’

332 3668 459 3727 Discunt
481 3672 601 3727 cantare
624 3669 758 3742 puellae:

165 3774 228 3832 Pro
250 3771 326 3831 facie
349 3772 451 3830 multis
474 3788 530 3830 vox
553 3788 607 3831 sua
628 3773 698 3830 lena
718 3770 783 3830 fuit.
829 3770 881 3831 Or.
906 3771 941 3830 A.
964 3770 1000 3830 A.
1025 3768 1060 3844 3,
1083 3767 1155 3830 315.

608 3870 682 3936 434.

63 3979 172 4040 Disce
197 3977 324 4050 aliquid:
347 3995 414 4037 nam
437 3995 503 4037 cum
527 3977 625 4037 subito
647 3979 782 4037 Fortuna
803 3981 937 4052 recessit,

62 4089 135 4146 Ars
159 4087 296 4140 remanet
317 4083 466 4156 vitamque
489 4082 616 4142 hominis
639 4099 699 4142 non
723 4083 833 4142 deserit
856 4099 993 4159 unquam.
1046 4083 1108 4144 Cat.
1133 4083 1210 4145 Dist.

1105 4184 1209 4260 4,19.

608 4285 682 4349 435.

60 4396 169 4456 Disce
194 4391 285 4449 mori!
307 4419 349 4431 -·
392 4391 505 4450 Lucan.
530 4393 635 4451 Pham.
659 4391 696 4463 5,
720 4387 793 4451 364.

123 4486 257 4535 Ἑτοιηιηεῐι,
270 4485 415 4533 Florilegium
428 4487 537 4528 Latinum.
