2978 5048
638 363 676 424 41

590 447 669 462 Alml*
676 446 758 461 Mslxlx

622 553 693 614 520.

87 662 228 736 Eripere
249 664 357 751 telum,
381 678 440 721 non
463 663 535 720 dore
557 662 634 720 irato
658 661 751 719 decet.
795 660 828 718 P.
852 660 916 733 Syr.

622 777 693 840 521.

86 887 228 959 Eripere
250 885 338 942 vitam
362 898 447 943 nemo
469 900 528 942 non
551 866 661 944 bomini
684 889 792 958 potest,

56 1012 59 1019 ·
86 989 130 1049 At
157 1005 246 1048 nemo
268 992 406 1046 mortem:
430 988 508 1046 mille
531 987 568 1046 od
590 988 667 1046 hano
689 988 913 1060 adituspatent.
944 981 1221 1046 Seu.Phoen.152.

623 1103 695 1166 522.

84 1214 198 1287 Eripit
220 1212 376 1280 interdum,
399 1210 486 1269 modo
510 1209 561 1267 dat
581 1209 728 1270 medicina
750 1211 885 1270 salutem.
923 1211 975 1269 Ov.
998 1210 1087 1269 Trist.
1104 1207 1133 1282 2,
1150 1186 1245 1268 269.Ι

621 1325 691 1389 523.

343 1435 369 1492 Ε
393 1433 456 1490 rivo
479 1430 600 1490 flumina
621 1450 727 1507 magne
749 1431 831 1493 facis.
878 1435 930 1493 Ov.
953 1435 1040 1494 Pont.
1064 1430 1094 1505 2,
1118 1430 1147 1505 5,
1171 1426 1221 1490 22.

617 1548 689 1612 524.

96 1662 173 1719 Esse
193 1660 302 1718 bonam
324 1657 410 1715 facile
433 1662 496 1727 est,
520 1657 586 1726 ubi,
611 1658 690 1732 quod
712 1663 793 1716 vetat
815 1675 890 1729 esse,
914 1663 1059 1725 remotum
1082 1662 1136 1727 est,

179 1763 224 1821 Et
244 1761 319 1819 nihil
341 1759 437 1819 officio
460 1765 552 1832 nupta
575 1759 653 1834 quod
676 1761 772 1819 obstet
794 1762 893 1820 habet.
915 1777 917 1781 ’

88 1868 168 1928 Cum
191 1867 264 1924 deus
286 1864 430 1933 intonuit,
454 1879 513 1921 uon
537 1879 568 1921 se
591 1862 754 1923 subducere
776 1865 890 1923 nimbo:

180 1970 217 2029 Id
239 1969 353 2028 demum
375 1965 488 2040 pietas,
511 1966 542 2024 id
563 1967 681 2025 socialis
704 1984 795 2027 amor.
841 1968 893 2027 Ov.
917 1970 1006 2028 Trist.
1031 1969 1067 2041 5,
1094 1965 1147 2040 14,
1171 1963 1222 2026 25.

623 2082 694 2144 525.

84 2196 172 2254 Esse
195 2194 291 2251 solent
312 2206 418 2263 magno
442 2190 548 2249 damna
570 2191 686 2249 minora
707 2191 795 2250 bono.
841 2191 893 2250 Ov.
917 2191 999 2251 Rem.
1022 2187 1095 2251 672.

624 2305 694 2369 526.

87 2421 172 2479 Esse
201 2418 249 2477 sui
278 2415 402 2474 dederat
428 2418 645 2473 monumentum
675 2416 706 2471 et
731 2413 837 2486 pignus
868 2416 985 2474 amoris.
1038 2416 1118 2488 virg.
1148 2415 1223 2476 Aen.

1091 2516 1126 2590 5,
1151 2516 1223 2579 572.

627 2613 698 2676 527.

88 2733 146 2791 Est
171 2726 284 2802 aliquid
307 2742 393 2784 casus
418 2725 531 2798 pariter
553 2723 685 2782 timuisse
709 2724 846 2782 marinos.
883 2723 935 2782 Ov.
958 2724 1042 2783 Pont.
1060 2721 1088 2796 2,
1107 2722 1223 2795 tuse.

624 2839 695 2902 528.

89 2953 149 3011 Est
174 2949 289 3023 aliquid
310 2948 401 3006 fatale
425 2950 532 3006 malum
555 2965 609 3021 per
630 2934 722 3007 ve'rba
743 2950 851 3007 levare.
898 2948 948 3007 Ov.
972 2948 1063 3007 Trist.
1087 2944 1223 3021 5,1‚59.

624 3062 694 3125 529.

87 3176 151 3234 Est
175 3171 288 3246 aliquid
309 3170 405 3231 fatove
428 3188 482 3229 suo
504 3170 619 3229 ferrove
642 3172 795 3231 cadentem

180 3277 216 3334 In
239 3274 334 3333 solida
356 3274 483 3332 moriens
506 3290 617 3347 ponere
641 3291 751 3348 corpus,
770 3277 873 3333 humo:

87 3382 134 3441 Et
157 3379 300 3437 mandare
322 3377 382 3434 suis
407 3378 536 3451 aliquid,
560 3394 680 3450 sperare
704 3380 841 3452 sepulcra

180 3482 223 3541 Et
244 3498 304 3539 non
326 3482 483 3554 aequoreis
503 3480 635 3553 piscibus
660 3498 725 3540 esse
748 3482 854 3540 eibum.
893 3470 946 3540 Ou.
970 3483 1059 3540 Trist.
1085 3479 1111 3552 1,
1129 3476 1157 3554 2,
1173 3476 1222 3540 53.

621 3596 694 3656 530.

90 3711 155 3769 Est
177 3704 292 3779 aliquid
314 3705 426 3776 magnis
450 3704 559 3763 crimen
584 3705 687 3763 abesse
710 3705 804 3764 malis.
850 3705 902 3763 Ov.
926 3705 1007 3764 Fast.
1036 3702 1063 3780 1,
1088 3697 1158 3762 484.

623 3820 695 3882 531.

87 3934 153 3992 Est
175 3926 290 4002 aliquid
312 3927 434 3985 memori
457 3927 520 3985 visa
538 3932 643 3986 notare
666 3945 764 3986 manu.
810 3930 861 3988 Ov.
885 3929 972 3995 Pont.
996 3923 1030 3999 3,
1053 3925 1083 4000 4,
1111 3925 1158 3986 18.

622 4043 694 4106 532.

85 4157 151 4216 Est
174 4150 289 4225 aliquid
310 4150 416 4222 patriis
439 4137 566 4209 vicinum
589 4152 696 4210 finibus
720 4168 796 4211 esse.
843 4151 894 4209 Ov.
918 4152 1005 4210 Pont.
1029 4146 1063 4222 2,
1088 4149 1121 4222 7,
1144 4148 1195 4210 65.

626 4267 697 4328 533.

85 4377 151 4436 Est
174 4373 290 4448 aliquid
312 4374 409 4432 valide
431 4380 551 4448 sceptra
573 4380 675 4433 tenere
698 4391 795 4434 manu.
841 4375 892 4434 Ov.
915 4376 998 4434 Rem.
1022 4369 1094 4432 480.
