2978 5048
662 361 725 426 239

592 447 796 466 ΛΛΙΜΝΛΛΙὫ

261 548 265 554 “
331 548 641 616 tudo-qualiscunque
661 547 891 601 est-maximam
909 548 937 600 in
955 547 1071 601 animum
1089 552 1259 615 mentemque

331 636 383 689 rim
406 634 489 687 habet
513 631 573 686 773.
609 631 689 684 2441:
717 634 820 686 animus
845 634 873 686 in
897 634 1022 701 corporis
1052 633 1153 686 morbis
1177 647 1259 700 saepe

332 721 431 773 delirat
453 718 535 770 1314:
564 717 651 771 animo
670 719 699 771 in
716 733 816 786 corpus
831 720 895 786 jura
913 735 968 772 non
987 723 1052 772 sunt
1075 718 1157 771 1528:
1184 732 1259 771 mens

332 820 398 859 sana
420 806 448 858 in
471 817 586 870 corpore
608 817 675 856 sano
702 801 783 857 1847:
808 804 887 858 nimis
909 805 990 872 longo
1014 805 1071 860 otio
1096 804 1258 870 incertoque

332 894 396 944 aere
421 904 504 956 saepe
528 889 710 956 corrumpitur
737 888 779 942 36.
815 888 879 943 241:
911 904 964 957 quo
989 894 1068 957 pacto
1103 893 1261 964 attenuetur

332 976 389 1028 121.
427 974 510 1027 1907ε
543 979 608 1041 apta
632 975 723 1041 quiete
743 980 882 1028 recreatur
912 974 970 1028 253.
1012 973 1090 1028 2207.
1125 972 1207 1027 2836ε
1232 974 1260 1026 10

319 1075 447 1128 corpore
472 1074 524 1114 nec
550 1059 657 1114 divitiae
686 1074 737 1113 nec
764 1059 891 1114 nobilitas
916 1074 1005 1128 neque
1035 1059 1122 1127 gloria
1150 1057 1259 1112 efficere

332 1144 477 1213 quidquam
496 1142 710 1213 possunt1548:
736 1159 835 1212 corpus
862 1147 987 1213 exiguum
1012 1150 1186 1199 contemnere
1204 1143 1260 1198 noli

331 1231 396 1284 292:
421 1231 544 1298 corporis
568 1229 634 1282 vitia
657 1229 781 1283 abdenda
803 1236 867 1284 sunt
890 1229 973 1284 amo:
1005 1231 1114 1298 ingenio
1137 1229 1260 1296 corporis

333 1317 431 1371 damna
457 1321 665 1382 compensantur
693 1314 756 1368 27οε
789 1330 804 1368 0
830 1317 954 1384 corporis
979 1315 1075 1369 habitu
1093 1329 1176 1382 saepe
1195 1314 1260 1367 licet

332 1401 470 1469 colligere,
490 1414 558 1468 quae
577 1400 658 1453 animi
676 1400 712 1453 sit
729 1398 834 1455 indoles
853 1399 917 1454 846:
941 1415 1059 1468 corpora
1076 1400 1137 1455 sola
1156 1404 1184 1453 et
1201 1404 1259 1453 tan-

331 1500 396 1554 gere
415 1491 443 1539 et
460 1485 534 1552 tangi
551 1490 668 1552 possunt
684 1485 761 1538 2085.

130 1606 283 1664 brednlitas
301 1604 344 1674 [ci.
363 1607 458 1658 Aures.
495 1603 616 1671 Species.
650 1604 773 1672 Vultus]:
797 1603 916 1657 carenda
944 1611 986 1659 est
1003 1603 1063 1658 420.
1099 1604 1181 1657 1555:
1210 1620 1260 1672 pu·

334 1687 394 1741 ellis
412 1701 512 1741 nocere
531 1687 686 1753 00100300,

130 1794 233 1852 britnod
257 1789 300 1860 [cf.
319 1789 412 1858 Culpa.
447 1789 554 1858 Fama]:
577 1805 593 1843 a
611 1790 721 1844 crimine
740 1805 818 1845 nemo
837 1789 1009 1844 llber1499:
1033 1791 1189 1845 criminibus
1213 1791 1259 1844 de-

332 1876 395 1930 latis
413 1873 493 1928 fidem
512 1875 602 1928 statim
620 1874 741 1929 tribuere
760 1875 889 1930 001142οι
908 1881 1031 1942 gestures
1042 1877 1181 1930 criminum
1198 1893 1260 1944 gra-

332 1961 447 2016 vissimis
465 1960 561 2027 poenis
581 1959 653 2028 digni
671 1966 735 2015 sunt
752 1960 818 2014 861:
844 1963 889 2029 qui
914 1961 1028 2015 alterum
1050 1963 1172 2030 incusat,
1198 1976 1260 2016 sese

334 2048 393 2114 ipse
412 2048 552 2099 intueatur
569 2044 645 2099 2015.
681 2045 757 2100 2004.
974 2060 977 2068 ’

130 2152 227 2224 talpa,
246 2149 401 2218 Peccatum,
420 2147 515 2203 Scelus
535 2146 575 2215 [cf.
597 2147 711 2203 Crimen.
747 2147 840 2202 Fraus.
878 2148 978 2202 Poena.
1015 2148 1140 2218 Vitium]:
1159 2149 1259 2217 ubique

333 2236 455 2289 locorum
473 2239 602 2301 peccatur
618 2232 681 2285 901:
700 2239 815 2300 peccant
833 2235 905 2302 etii,
924 2247 992 2300 quos
1010 2234 1117 2289 minime
1135 2240 1261 2303 putamus

333 2321 420 2373 1555:
443 2317 590 2372 curandum
616 2317 695 2372 nobis
718 2325 771 2386 est,
795 2323 825 2372 ut
847 2334 863 2372 a
881 2319 960 2386 culpa
978 2317 1057 2372 liberi
1076 2320 1159 2375 simus
1178 2319 1259 2374 1786:

333 2407 394 2473 ipsa
417 2402 548 2472 peccandi
573 2403 698 2457 voluntas
724 2411 864 2472 peccatum
884 2403 993 2471 [scelus]
1018 2402 1141 2457 estaol.
1178 2402 1259 2461 1423:
1311 2399 1312 2402 ’

334 2491 415 2544 etiam
432 2488 512 2542 vultu
535 2488 625 2543 scelus
648 2487 758 2557 fingitur
779 2489 862 2543 2893:
891 2487 997 2556 culpam
1022 2503 1113 2556 poena
1138 2489 1262 2556 sequitur

333 2575 376 2628 40.
419 2575 480 2628 324.
520 2573 596 2627 1949.
635 2573 713 2628 2138.
754 2573 828 2627 2259.
873 2573 956 2628 2592:
987 2579 1101 2641 peccota
1133 2572 1260 2626 celeriter

334 2667 459 2716 correcta
477 2664 659 2714 extenuantur
679 2658 760 2712 190οι
786 2660 832 2727 qui
857 2675 912 2714 non
934 2665 1019 2728 vetat,
1043 2657 1124 2727 jubet
1147 2672 1261 2726 peccare

334 2746 409 2800 1032.
446 2743 529 2797 2158:
548 2743 593 2811 qui
612 2744 668 2796 suis
686 2745 806 2811 peccatis
824 2746 929 2800 veniam
948 2742 1094 2813 efflagitat,
1124 2743 1220 2797 alienis
1238 2743 1261 2795 is
1312 2789 1317 2801 ,

332 2833 475 2901 ignoscere
494 2829 578 2884 debet
594 2827 641 2882 34:
662 2830 707 2896 qui
725 2828 871 2884 confitetur
890 2829 1005 2898 culpam,
1025 2829 1049 2883 ei
1067 2826 1261 2898 ignoscendum

335 2923 377 2970 est
393 2916 458 2970 899:
486 2915 570 2969 stulta
593 2914 689 2981 culpae
707 2913 771 2982 firgo
788 2916 816 2969 in
832 2915 926 2968 'vitium
945 2914 1021 2969 ducit
1039 2913 1120 2968 1033:
1148 2919 1262 2982 peccata

335 3002 458 3071 [scelera]
477 3016 540 3056 sera
558 3000 683 3068 turpiora
700 3005 764 3053 sunt
781 2999 863 3052 2046:
882 3001 969 3054 minus
988 2998 1059 3054 solet
1076 3012 1200 3066 peccare,
1219 2997 1263 3051 001

333 3086 398 3140 licet
415 3085 481 3140 318:
506 3087 565 3140 sine
583 3086 663 3153 culpa
681 3086 807 3139 miserum
826 3099 887 3139 esse
905 3085 1017 3139 multum
1031 3087 1110 3153 juvat
1127 3083 1190 3136 530:
1217 3083 1263 3150 qui

336 3173 427 3227 scelus
440 3172 607 3226 committere
620 3168 686 3238 vnit,
705 3183 842 3236 nunquam
859 3187 915 3224 non
933 3185 1041 3224 causam
1058 3169 1162 3223 invenit
1180 3167 1261 3221 1202:

335 3255 432 3311 sceleri
450 3254 517 3310 nihil
537 3257 648 3310 vetitum
673 3261 716 3309 est
737 3253 817 3309 2804:
846 3255 945 3309 sceleri
967 3261 1056 3310 tutum
1078 3269 1129 3322 per
1156 3253 1262 3308 scelera

333 3341 387 3395 iter
405 3346 449 3394 est
466 3338 547 3394 1924:
561 3341 653 3409 ‘magni
672 3339 784 3394 sceleris
802 3340 894 3395 nullus
912 3341 992 3394 labor
1010 3345 1053 3394 est
1071 3339 1155 3392 1721:
1183 3339 1261 3407 puni·

333 3432 390 3480 tum
408 3425 498 3480 scelus
516 3425 615 3480 crescit
641 3424 703 3479 493:
733 3425 761 3479 in
786 3427 943 3495 magistrum
966 3440 1050 3494 saepe
1077 3425 1149 3478 redit
1171 3424 1261 3478 scelus

335 3510 393 3565 976.
422 3509 506 3565 2308;
531 3512 574 3565 001
592 3510 726 3579 prodesse
744 3510 834 3565 scelus
853 3510 973 3580 videtur,
1001 3527 1061 3565 eum
1079 3509 1177 3565 fecisse
1196 3509 1263 3564 illud

334 3587 479 3650 verisimile
498 3604 540 3650 est
557 3595 623 3650 321:
647 3596 769 3664 ejusdem
793 3596 905 3652 sceleris
933 3597 1001 3651 alius
1020 3595 1094 3650 alind
1112 3595 1166 3650 tert
1183 3609 1262 3663 prae-

335 3683 415 3735 mium
441 3680 521 3734 1358:
548 3682 614 3736 felix
638 3682 728 3736 000100
754 3689 867 3737 vocatur
892 3682 977 3736 virtus
1000 3682 1084 3734 1997:
1113 3679 1263 3734 sceleribus

335 3769 420 3822 virtus
437 3767 510 3836 perit
528 3766 591 3821 747:
609 3766 677 3822 fides
696 3767 846 3822 sceleribus
865 3766 991 3836 perditur
1003 3767 1085 3821 2079:
1105 3780 1182 3821 casas
1200 3780 1262 3819 raro

334 3853 437 3909 intrare
457 3853 546 3908 000100
573 3852 644 3907 00101
667 3852 748 3907 234οι
778 3853 930 3907 divitiarum
951 3852 1138 3920 honorumque
1164 3850 1262 3919 cupido

334 3939 511 4008 plurimorum
542 3939 675 3993 scelerum
707 3955 789 3993 causa
815 3940 874 3994 153.
915 3937 973 3993 942.
1015 3937 1099 3992 12260
1129 3937 1263 4006 permulta

335 4025 440 4079 scelera
457 4039 508 4092 per
526 4024 634 4078 saecula
653 4023 725 4081 facta
743 4032 807 4080 sunt
826 4024 902 4080 1923.

130 4133 270 4207 sapiditas
294 4129 336 4196 [ci.
357 4127 485 4184 Ambitio.
520 4127 664 4195 Avaritia]:
692 4143 737 4183 res
762 4128 941 4184 immoderata
957 4133 1000 4182 est
1016 4125 1101 4180 2287:
1129 4123 1213 4178 menti
1232 4139 1263 4177 ac

334 4215 436 4270 rationi
454 4214 591 4268 contraria
608 4213 654 4267 49:
678 4213 820 4282 cupiditati
837 4213 963 4282 plerique
982 4208 1263 4280 obsequuntur1389:

336 4299 491 4368 cupiditatis
516 4298 651 4354 elementa
675 4298 812 4355 eradenda
834 4305 899 4355 sunt
919 4298 985 4354 517:
1013 4297 1133 4368 regenda
1156 4301 1197 4349 est
1221 4295 1263 4349 74.
