2978 5048
650 340 690 393 IX

567 411 651 426 νυνυ
657 413 693 425 υυ
701 411 772 425 υιΛΛ

98 558 206 648 magis
229 559 358 624 lectores
380 558 547 640 capiuntur
576 562 644 622 tum
666 557 818 639 efficitur,
841 561 877 622 ut
899 575 962 622 non
983 556 1086 622 minus
1108 555 1148 636 ii,
1171 555 1239 638 qui-

98 720 163 786 bus
184 719 265 786 forte
287 721 321 785 in
342 721 525 786 memoriam
546 726 691 787 revocata
713 725 761 786 est
783 721 954 801 sententia,
984 721 1031 784 ita
1053 724 1176 800 tamen,
1204 725 1239 784 ut

98 885 155 950 vel
184 884 310 949 initium
336 903 444 950 versus
470 884 626 966 finemque
659 885 708 950 vel
737 890 897 950 auctorem
931 884 980 949 vel
1010 883 1142 963 librum,
1177 901 1239 965 quo

99 1048 159 1114 ille
180 1048 395 1129 contineatur,
425 1048 584 1114 reminisci
604 1053 776 1131 nequeant,
806 1066 901 1131 quam
924 1047 993 1128 alii,
1016 1048 1070 1130 qui
1092 1065 1239 1129 gnomam

99 1214 146 1278 ‹le
169 1206 258 1278 berta
287 1231 321 1278 re
350 1217 521 1293 quaerunt,
556 1211 662 1293 facile,
696 1214 781 1294 quod
816 1213 948 1295 quisquc
977 1210 1069 1291 velit,
1102 1212 1240 1293 reperire

98 1375 234 1459 possint.
288 1374 349 1452 Qui
380 1394 453 1441 vero
482 1374 601 1440 lactum
628 1377 684 1456 sit,
713 1381 748 1440 ut
775 1375 927 1456 ejusmodi
956 1375 1125 1455 dictorum,
1159 1394 1240 1456 quae

97 1543 261 1605 nostrates
294 1539 352 1603 hoc
380 1542 519 1620 ternpore
547 1537 733 1620 „geiliigeltc
761 1537 889 1602 Worte“
919 1556 1030 1603 vocare
1058 1537 1173 1616 solent,
1207 1537 1239 1601 in

98 1702 209 1768 indice
230 1720 293 1767 non
314 1702 376 1767 nisi
397 1721 469 1767 raro
492 1702 601 1767 habita
624 1703 665 1767 sit
685 1702 776 1782 ratio,
798 1701 965 1781 neminem,
988 1701 1106 1782 opinor,
1129 1699 1238 1780 fugiet.

192 1865 276 1930 Num
305 1870 414 1949 aptam
442 1865 587 1947 equidem
614 1867 869 1948 courmodamque
896 1864 1064 1931 lectoribus
1086 1863 1241 1929 rationem

96 2031 137 2095 in
161 2029 351 2111 disponendo
374 2030 431 2093 hoc
453 2029 558 2094 libello
580 2034 705 2095 secutus
727 2029 787 2095 sinr
816 2048 927 2109 necne,
958 2045 1065 2094 eorum
1093 2026 1135 2092 sit
1158 2026 1241 2108 judi-

96 2193 204 2272 cium,
227 2167 284 2273 qui
303 2191 357 2256 illo
379 2194 524 2271 utentur3
547 2193 641 2258 liceat
662 2192 741 2257 mihi
762 2198 869 2257 tamen
889 2191 947 2257 hoc
968 2192 1035 2257 loco
1057 2208 1241 2256 commemo-

98 2374 195 2435 rare,
225 2354 384 2419 nonnullis
406 2354 530 2436 peritis,
559 2336 745 2436 quibuscum
771 2355 926 2421 rationem
948 2373 1050 2420 meam
1073 2352 1242 2419 communi-

104 2518 219 2598 carim,
242 2536 312 2583 earn
334 2536 530 2599 summopere
552 2516 686 2599 probari.

195 2680 312 2758 Quodsi
337 2680 388 2745 cui
418 2684 525 2745 autern
555 2680 669 2744 1111111
698 2680 740 2745 sit
769 2699 822 2746 eas
849 2682 888 2746 de
918 2698 982 2745 una
1009 2680 1180 2760 eademque
1209 2697 1243 2743 re
1345 2704 1347 2706 ·

99 2843 295 2923 sententiaa,
319 2862 400 2924 quae
422 2863 525 2910 secum
548 2861 689 2925 pugnare
711 2843 892 2924 videantur,
915 2844 948 2908 in
970 2842 1075 2909 libello
1097 2860 1166 2906 mco
1189 2860 1243 2923 ap·

100 3007 225 3090 positas
260 3025 341 3086 esse,
380 3007 412 3070 id
450 3025 485 3071 eo
513 3007 641 3071 consilio
669 3027 688 3071 a
717 3027 768 3073 me
797 3006 916 3073 lactum
945 3011 1006 3088 cst,
1037 3009 1072 3070 11
1101 3011 1242 3070 veterum

100 3171 206 3235 alium
227 3169 320 3234 aliter·
342 3169 474 3235 sensisse
496 3175 656 3250 appareat.

193 3332 303 3414 Neque
326 3332 427 3413 magis
449 3332 590 3412 obstant,
613 3350 695 3412 quae
718 3333 751 3395 in
772 3338 913 3397 veterum
936 3336 1099 3414 poetarum
1121 3329 1244 3412 gnomis

78 3517 82 3524 ·
101 3500 274 3562 occumunt
289 3515 308 3559 a
323 3495 438 3560 nostris
460 3494 597 3558 moribus
619 3495 830 3559 abhorrentia.
863 3496 950 3560 Haec
965 3495 1048 3560 enirn
1067 3495 1243 3560 adolescen-

102 3659 208 3738 tibus,
239 3677 373 3740 quorum
400 3658 433 3721 in
462 3657 575 3722 scholis
597 3656 679 3721 forte
701 3656 887 3739 florilegium
909 3677 1014 3723 meum
1036 3617 1070 3722 in
1091 3678 1150 3724 usu
1172 3659 1242 3737 erit,

103 3821 264 3904 explicare
286 3821 365 3887 nihil
388 3826 435 3886 est
456 3820 592 3901 negotii;
622 3820 660 3885 iis
683 3840 770 3902 vero,
801 3822 855 3903 qui
878 3822 1015 3903 perfecte
1041 3822 1105 3886 iam
1128 3820 1243 3886 exculti

103 3989 196 4064 sunt,
225 3985 300 4066 ipsis
327 3983 433 4049 facilia
455 3985 528 4047 sunt
551 3982 737 4064 dijudicato,
765 4004 836 4049 eum
865 3985 1050 4066 praesertim
1077 4003 1138 4049 non
1165 3982 1243 4047 adeo

104 4147 307 4229 abhorreant,
331 4153 366 4212 ut
388 4166 484 4212 sanae
506 4145 621 4210 rationi
645 4166 819 4228 repugnare
841 4148 1017 4213 videantur.

195 4309 242 4374 Nc
278 4311 381 4393 plura,
417 4311 476 4374 etsi
505 4309 687 4390 neutiquam
723 4332 759 4377 eo
789 4312 927 4379 venerim
961 4310 1175 4393 arrogantiae,
1207 4315 1243 4375 ut
