2948 5040
525 444 557 455 ,.,.
590 360 729 459 111-

584 548 675 612 1367.

314 659 428 718 Multos
451 659 482 715 in
505 674 617 717 summa
639 659 774 731 pericula
795 659 876 716 misit

55 763 188 824 Venturi
212 764 303 822 timor
323 762 388 835 ipse
410 762 490 820 mali.
535 761 726 821 Fortissimus
749 764 798 821 ille
820 770 873 833 cst,

61 870 117 942 Qui
142 872 284 942 promtus
306 865 464 924 metuenda
484 865 563 938 pati,
586 866 612 923 si
634 867 796 925 comminus
819 866 939 935 instent,

60 973 101 1031 Et
123 971 249 1030 differre
271 975 379 1044 potest.
402 997 443 1008 -—
487 968 600 1028 Lucan.
623 968 728 1027 Phars.
754 965 788 1042 7,
817 965 885 1026 104.

583 1066 674 1130 1368.

317 1175 490 1249 Multoaque
513 1192 567 1249 per
589 1191 682 1233 annos

66 1282 217 1342 Errabant
238 1281 298 1340 acti
319 1278 388 1338 fatis
412 1280 506 1337 maria
528 1279 627 1337 omnia
650 1278 768 1337 circum.
815 1280 894 1353 Virg.
917 1280 989 1339 Aen.
1015 1276 1046 1351 1,
1071 1276 1121 1338 31.

585 1375 675 1441 1369.

313 1487 425 1545 Multos
457 1490 557 1544 servat
585 1485 720 1545 Fortuna
747 1494 896 1547 nocentem
952 1488 1064 1547 Lucan.
1087 1488 1193 1548 Phars.

1060 1586 1095 1663 3,
1120 1587 1191 1650 448.

580 1687 672 1748 1376.

122 1805 206 1869 tum,
232 1797 319 1856 crede
341 1797 429 1866 mihi,
452 1795 556 1865 refert,
581 1813 599 1855 a
620 1795 701 1854 sonte
724 1795 842 1855 bibatur

146 1903 234 1975 Quae
256 1898 338 1970 fluit,
368 1918 406 1959 an
427 1901 512 1974 pigro
536 1916 610 1974 quae
633 1905 734 1972 stupet
757 1901 835 1959 unda
858 1902 933 1961 lacu.
977 1901 1066 1959 Mart.
1090 1901 1192 1975 Epigr.

1021 2000 1058 2073 9,
1082 2000 1139 2075 99,
1163 2000 1192 2062 9.

582 2100 672 2162 1371.

68 2208 192 2270 lcitum
216 2210 248 2268 111
272 2226 370 2269 amore
393 2209 476 2279 tides,
499 2210 620 2267 multum
644 2211 815 2269 constantia
836 2211 967 2284 prodest.
1005 2211 1094 2285 Prcp.
1109 2212 1192 2285 Eleg.

1000 2310 1036 2384 2,
1061 2311 1118 2387 11,
1141 2311 1192 2375 11.
1280 2333 1283 2340 ·

584 2410 676 2473 1372.

67 2520 193 2581 1111111111
217 2520 335 2578 venturi
357 2537 394 2578 ue
417 2536 501 2578 cures
523 2525 658 2591 tempora
680 2518 747 2577 sati:

68 2624 127 2685 111111
152 2623 264 2683 metuit
284 2628 416 2693 mortem,
440 2623 490 2697 qui
513 2622 570 2681 scit
592 2627 781 2682 contemnere
792 2624 890 2682 vitam.
921 2622 984 2682 Oet.
1001 2624 1078 2683 Dist.
1094 2615 1124 2695 4,
1141 2618 1192 2683 22.

584 2719 675 2782 1373.

71 2830 228 2893 lauditiis
250 2829 398 2904 capimur:
422 2845 481 2887 nou
504 2829 564 2887 siut
586 2829 650 2887 sine
673 2830 736 2902 lege
760 2829 870 2902 capilli.
904 2830 957 2889 Ov.
972 2830 1006 2888 A.
1025 2829 1061 2890 A.
1074 2824 1102 2900 3,
1124 2824 1192 2886 133.

582 2927 673 2992 1374.

314 3035 442 3093 Mundus
465 3035 508 3093 1111
530 3035 604 3093 Jove
628 3037 721 3108 majus
746 3036 843 3095 habet.
889 3036 940 3095 Ov.
964 3036 1053 3094 Trist.
1077 3032 1113 3108 2,
1142 3030 1193 3092 38.

584 3133 675 3195 1375.

63 3244 211 3314 lunera,
236 3241 323 3300 crede
345 3240 433 3308 mihi,
456 3241 577 3312 placant
601 3242 794 3316 hominesque
817 3243 961 3316 deosque:

147 3348 292 3407 Placatur
314 3344 399 3403 donis
422 3345 539 3418 Jupiter
561 3344 626 3416 ipse
651 3345 738 3404 datis.
783 3347 834 3404 Ov.
857 3348 892 3405 A.
915 3347 951 3405 A.
977 3343 1011 3416 3,
1036 3341 1107 3403 653.

580 3444 671 3506 1376.

57 3552 148 3614 Musa
173 3552 255 3613 dedit
275 3552 381 3612 fidibus
405 3552 487 3611 divos
510 3567 679 3626 puerosque
703 3553 822 3611 deorum

57 3658 100 3717 ut
121 3657 255 3732 pugilem
278 3656 418 3715 victorem
442 3663 471 3714 et
493 3673 598 3729 equum
623 3657 782 3714 certamine
805 3657 939 3728 primum,

59 3760 102 3821 Et
120 3764 267 3835 juvenum
291 3776 376 3819 curas
399 3766 429 3819 et
450 3761 545 3819 libera
566 3760 635 3816 vina
657 3759 780 3818 referre.
824 3760 896 3817 Hor.
919 3759 954 3816 A.
978 3759 1010 3816 P.
1035 3754 1085 3816 83.

582 3857 673 3921 1377.

55 3966 157 4027 Musis
180 3964 293 4025 amicus
314 3966 467 4025 tristitiam
490 3972 521 4025 et
542 3970 637 4024 metus

54 4070 192 4131 Tradam
213 4070 363 4143 protervis
385 4071 415 4127 in
438 4085 519 4127 mare
542 4067 690 4127 Creticum

144 4173 275 4233 Portare
297 4173 401 4233 ventis.
429 4201 466 4212 -
510 4173 583 4230 Hor.
608 4172 663 4232 0d.
690 4168 725 4243 1,
749 4168 804 4244 26,
832 4170 857 4232 1.

578 4270 669 4336 1378.

308 4379 474 4439 Mutantem
498 4396 589 4452 regua
612 4386 763 4439 cometem.
800 4381 912 4441 Lucan.
940 4379 1045 4438 Phars.
1072 4375 1097 4449 1,
1121 4372 1191 4435 528.
