2978 5048
737 378 777 438 57

655 460 812 477 AMMM
815 463 861 478 ΑΛ..

722 570 792 632 739.

190 680 333 738 Fortuna
355 696 504 753 uunquam
528 681 608 737 sistit
630 680 661 737 in
684 679 787 738 eodem
811 687 897 739 statu.

191 783 321 858 Semper
342 789 491 842 movetur:
515 784 612 842 variat
633 790 662 842 et
683 789 777 842 mutat
797 785 886 854 vires,

184 888 228 946 El
256 904 371 946 summa
392 887 422 946 in
446 888 533 946 imum
555 888 645 947 vertit
667 905 701 946 ao
723 905 810 946 versa
831 888 928 960 erigit.
962 888 1073 946 Auson.
1092 882 1279 961 Epigrldd,
1298 883 1324 945 1.

720 1003 791 1066 740.

185 1113 329 1171 Fortuna
351 1128 422 1186 opes
446 1112 575 1182 auferre,
599 1129 658 1171 non
680 1115 806 1171 animum
831 1118 937 1186 potest.
983 1112 1052 1170 Seu.
1075 1110 1153 1169 Med.
1182 1107 1250 1170 176.

720 1231 791 1293 741.

189 1340 330 1398 Fortuna
355 1354 412 1411 quo
436 1354 485 1406 se,
510 1338 612 1396 eodem
636 1343 666 1396 et
687 1340 813 1398 inclinat
835 1337 926 1397 favor.
972 1339 1004 1396 P.
1028 1338 1093 1410 Syr.

719 1470 788 1534 742.

190 1581 324 1640 Fortuna
346 1596 435 1638 saevo
458 1581 538 1638 laeta
559 1581 678 1652 negotio
702 1584 732 1637 et

192 1685 306 1744 Ludum
329 1683 505 1741 insolentem
527 1683 630 1742 ludere
653 1684 790 1756 pertinax

274 1788 469 1846 Transmutat
490 1788 620 1846 incertos
644 1787 782 1858 honorae,

346 1891 432 1949 Nune
454 1891 542 1960 mihi,
566 1909 644 1949 nuno
667 1891 718 1949 alii
741 1890 878 1964 benigna.

180 1996 292 2055 Laudo
316 1999 499 2063 manentem3
524 1995 550 2051 si
573 1994 684 2053 celeres
708 1996 804 2068 quatit

179 2100 321 2168 Pandae,
344 2099 479 2170 resigno,
505 2114 579 2171 quae
602 2098 700 2167 dedit,
724 2104 754 2156 et
775 2115 841 2156 mea

272 2203 393 2260 Virtute
416 2218 462 2259 me
484 2202 600 2259 involvo
623 2184 805 2275 probamque

345 2306 522 2376 Pauperiem
546 2306 609 2362 siue
633 2305 701 2363 dote
725 2322 846 2379 quaero.
891 2307 964 2364 Hor.
988 2306 1042 2366 od.
1067 2302 1100 2377 3,
1125 2303 1180 2379 29,
1204 2303 1255 2365 49.

718 2421 789 2484 743.

179 2532 307 2603 Frange
329 2535 428 2599 toros,
451 2529 626 2601 peteuda,
650 2545 734 2587 rosas
758 2547 846 2603 cape,
870 2533 984 2603 tingere
1007 2533 1115 2591 nardo:

270 2635 342 2707 Ipse
361 2632 449 2705 jubet
470 2632 574 2688 mortis
597 2637 625 2688 te
648 2633 818 2691 meminisse
841 2634 922 2693 deus.
949 2634 1038 2694 Mart.
1059 2636 1161 2709 Epigr.
1178 2631 1207 2703 2,
1222 2631 1273 2704 59,
1289 2629 1318 2692 3.

717 2746 787 2813 744.

184 2857 314 2929 Frangit
338 2861 368 2914 et
391 2857 500 2914 attollit
522 2858 600 2913 vires
621 2856 652 2914 in
675 2857 768 2915 milite
792 2873 895 2916 eausa:

277 2960 360 3032 Quae
388 2959 445 3018 nisi
471 2963 553 3031 justa
585 2960 685 3018 subest
715 2963 827 3040 excutit
856 2979 937 3021 arma
964 2963 1067 3036 pudor.
1124 2962 1214 3032 Prop.
1234 2958 1317 3028 Eleg.

1143 3061 1182 3133 4,
1206 3058 1240 3132 6,
1266 3059 1315 3116 51.

714 3181 784 3242 745.

439 3287 564 3360 Frangit
585 3287 676 3348 fortia
699 3290 790 3348 corda
813 3291 907 3348 dolor.
953 3290 1017 3349 Tib.
1041 3289 1125 3360 Eleg.
1150 3284 1183 3357 3,
1207 3284 1242 3357 2,
1266 3282 1294 3343 6.

715 3405 785 3469 746.

432 3510 589 3569 Fraternis
615 3515 740 3571 cessisse
763 3520 885 3587 putatur

174 3613 323 3672 Moribus
345 3613 511 3686 Amphion:
536 3621 567 3672 tu
592 3616 663 3673 eade
686 3618 816 3689 potentis
840 3618 927 3675 amici

169 3716 317 3776 Lenibus
340 3718 483 3789 imperiis.
508 3747 548 3757 —
592 3720 664 3777 Hor.
689 3721 745 3794 Ep.
773 3718 806 3791 1,
834 3716 888 3792 18,
912 3718 962 3781 43.

711 3853 781 3918 747.

176 3956 304 4018 Fraude
326 3956 407 4029 perit
428 3958 530 4018 virtus.
553 3989 596 3999 -
641 3960 694 4020 Ov.
719 3961 801 4020 Fast.
825 3959 860 4032 2,
885 3958 957 4023 227.

711 4075 784 4138 748.

175 4184 279 4242 Fraus
304 4187 348 4240 est
370 4181 519 4254 accipere,
545 4182 623 4256 quod
646 4187 826 4257 nou,possis
848 4186 982 4246 reddere.
1026 4189 1059 4246 P.
1083 4188 1147 4261 Syr.

710 4301 780 4364 749.

170 4406 273 4464 Fraus
298 4403 427 4462 sublimi
451 4412 555 4477 regnat
577 4406 607 4463 in
630 4409 707 4467 aula..
754 4409 821 4467 Seu.
845 4410 935 4484 Hipp.
960 4406 1032 4472 981.
