<?xml version="1.0" encoding="UTF-8"?>
<!DOCTYPE html PUBLIC "-//W3C//DTD XHTML 1.0 Transitional//EN"
    "http://www.w3.org/TR/xhtml1/DTD/xhtml1-transitional.dtd">
<html xmlns="http://www.w3.org/1999/xhtml" xml:lang="en" lang="en">
 <head>
  <title>
</title>
<meta http-equiv="Content-Type" content="text/html;charset=utf-8" />
  <meta name='ocr-system' content='tesseract 3.04.00' />
  <meta name='ocr-capabilities' content='ocr_page ocr_carea ocr_par ocr_line ocrx_word'/>
</head>
<body>
  <div class='ocr_page' id='page_1' title='image "./florilegiumlati00fromgoog_0168.png"; bbox 0 0 2978 5048; ppageno 0'>
   <div class='ocr_carea' id='block_1_1' title="bbox 673 377 877 480">
    <p class='ocr_par' dir='ltr' id='par_1_1' title="bbox 673 377 877 480">
     <span class='ocr_line' id='line_1_1' title="bbox 673 377 877 480; baseline 0.005 -1"><span class='ocrx_word' id='word_1_1' title='bbox 673 377 877 480; x_wconf 48' lang='grc' dir='ltr'>νυ111..</span> 
     </span>
    </p>
   </div>
   <div class='ocr_carea' id='block_1_2' title="bbox 726 568 816 633">
    <p class='ocr_par' dir='ltr' id='par_1_2' title="bbox 726 568 816 633">
     <span class='ocr_line' id='line_1_2' title="bbox 726 568 816 633; baseline 0.044 -5"><span class='ocrx_word' id='word_1_2' title='bbox 726 568 816 633; x_wconf 91' lang='grc'>1887.</span> 
     </span>
    </p>
   </div>
   <div class='ocr_carea' id='block_1_3' title="bbox 130 656 1114 940">
    <p class='ocr_par' dir='ltr' id='par_1_3' title="bbox 130 656 1114 940">
     <span class='ocr_line' id='line_1_3' title="bbox 196 656 760 752; baseline -0.007 -14"><span class='ocrx_word' id='word_1_3' title='bbox 196 678 298 738; x_wconf 80' lang='lat' dir='ltr'><strong>Pauci</strong></span> <span class='ocrx_word' id='word_1_4' title='bbox 321 694 421 752; x_wconf 81' lang='lat' dir='ltr'>reges,</span> <span class='ocrx_word' id='word_1_5' title='bbox 445 692 505 734; x_wconf 88' lang='lat' dir='ltr'>uon</span> <span class='ocrx_word' id='word_1_6' title='bbox 527 691 619 748; x_wconf 81' lang='lat' dir='ltr'>regna</span> <span class='ocrx_word' id='word_1_7' title='bbox 642 656 760 735; x_wconf 82' lang='lat' dir='ltr'>colunt:</span> 
     </span>
     <span class='ocr_line' id='line_1_4' title="bbox 130 778 1114 869; baseline 0.001 -30"><span class='ocrx_word' id='word_1_8' title='bbox 130 824 133 869; x_wconf 68' lang='lat'><em>3</em></span> <span class='ocrx_word' id='word_1_9' title='bbox 192 782 312 839; x_wconf 89' lang='lat' dir='ltr'>Plures</span> <span class='ocrx_word' id='word_1_10' title='bbox 334 781 431 854; x_wconf 83' lang='lat' dir='ltr'><strong>fulgor</strong></span> <span class='ocrx_word' id='word_1_11' title='bbox 453 781 583 838; x_wconf 85' lang='lat' dir='ltr'>eoncitat</span> <span class='ocrx_word' id='word_1_12' title='bbox 605 779 700 838; x_wconf 89' lang='lat' dir='ltr'>aulae.</span> <span class='ocrx_word' id='word_1_13' title='bbox 746 778 814 839; x_wconf 84' lang='lat' dir='ltr'>Sen.</span> <span class='ocrx_word' id='word_1_14' title='bbox 839 780 927 838; x_wconf 86' lang='lat' dir='ltr'>Here.</span> <span class='ocrx_word' id='word_1_15' title='bbox 952 781 1017 840; x_wconf 89' lang='lat' dir='ltr'>Oet.</span> <span class='ocrx_word' id='word_1_16' title='bbox 1042 778 1114 841; x_wconf 87' lang='grc'>616.</span> 
     </span>
     <span class='ocr_line' id='line_1_5' title="bbox 130 872 817 940; baseline 0 0"><span class='ocrx_word' id='word_1_17' title='bbox 130 872 132 885; x_wconf 83' lang='grc'><strong>’</strong></span> <span class='ocrx_word' id='word_1_18' title='bbox 726 874 817 940; x_wconf 88' lang='grc'>1888.</span> 
     </span>
    </p>
   </div>
   <div class='ocr_carea' id='block_1_4' title="bbox 183 985 1334 1370">
    <p class='ocr_par' dir='ltr' id='par_1_4' title="bbox 183 985 1334 1370">
     <span class='ocr_line' id='line_1_6' title="bbox 187 985 1334 1062; baseline 0.004 -17"><span class='ocrx_word' id='word_1_19' title='bbox 187 988 315 1046; x_wconf 79' lang='lat' dir='ltr'><strong>Paucis</strong></span> <span class='ocrx_word' id='word_1_20' title='bbox 337 988 489 1046; x_wconf 82' lang='lat' dir='ltr'><strong>temeritas</strong></span> <span class='ocrx_word' id='word_1_21' title='bbox 513 993 559 1044; x_wconf 90' lang='lat' dir='ltr'>est</span> <span class='ocrx_word' id='word_1_22' title='bbox 580 985 674 1055; x_wconf 92' lang='lat' dir='ltr'>bono,</span> <span class='ocrx_word' id='word_1_23' title='bbox 699 985 798 1042; x_wconf 90' lang='lat' dir='ltr'>multis</span> <span class='ocrx_word' id='word_1_24' title='bbox 821 986 908 1045; x_wconf 88' lang='lat' dir='ltr'>malo.</span> <span class='ocrx_word' id='word_1_25' title='bbox 953 987 1082 1047; x_wconf 90' lang='lat' dir='ltr'>Phaedr.</span> <span class='ocrx_word' id='word_1_26' title='bbox 1105 989 1178 1049; x_wconf 87' lang='lat' dir='ltr'>Fab.</span> <span class='ocrx_word' id='word_1_27' title='bbox 1197 987 1225 1061; x_wconf 84' lang='grc'>5,</span> <span class='ocrx_word' id='word_1_28' title='bbox 1241 987 1270 1062; x_wconf 88' lang='grc'>4,</span> <span class='ocrx_word' id='word_1_29' title='bbox 1287 987 1334 1050; x_wconf 91' lang='grc'>12.</span> 
     </span>
     <span class='ocr_line' id='line_1_7' title="bbox 724 1082 816 1148; baseline 0.043 -5"><span class='ocrx_word' id='word_1_30' title='bbox 724 1082 816 1148; x_wconf 88' lang='grc'>1889.</span> 
     </span>
     <span class='ocr_line' id='line_1_8' title="bbox 455 1191 855 1251; baseline -0.003 -1"><span class='ocrx_word' id='word_1_31' title='bbox 455 1194 580 1251; x_wconf 88' lang='lat' dir='ltr'>Paulum</span> <span class='ocrx_word' id='word_1_32' title='bbox 604 1192 715 1250; x_wconf 86' lang='lat' dir='ltr'>distare</span> <span class='ocrx_word' id='word_1_33' title='bbox 737 1191 855 1249; x_wconf 86' lang='lat' dir='ltr'>videtur</span> 
     </span>
     <span class='ocr_line' id='line_1_9' title="bbox 183 1290 1067 1370; baseline -0.001 -15"><span class='ocrx_word' id='word_1_34' title='bbox 183 1297 368 1370; x_wconf 81' lang='lat' dir='ltr'>Suspectus</span> <span class='ocrx_word' id='word_1_35' title='bbox 395 1312 523 1368; x_wconf 87' lang='lat' dir='ltr'>vereque</span> <span class='ocrx_word' id='word_1_36' title='bbox 547 1311 624 1353; x_wconf 90' lang='lat' dir='ltr'>reus.</span> <span class='ocrx_word' id='word_1_37' title='bbox 649 1325 689 1333; x_wconf 92' lang='lat'><strong>—</strong></span> <span class='ocrx_word' id='word_1_38' title='bbox 734 1296 844 1353; x_wconf 87' lang='lat' dir='ltr'>Auson.</span> <span class='ocrx_word' id='word_1_39' title='bbox 868 1295 992 1368; x_wconf 87' lang='lat' dir='ltr'>Ephem.</span> <span class='ocrx_word' id='word_1_40' title='bbox 1016 1290 1067 1354; x_wconf 83' lang='lat'>63.</span> 
     </span>
    </p>
   </div>
   <div class='ocr_carea' id='block_1_5' title="bbox 725 1408 816 1472">
    <p class='ocr_par' dir='ltr' id='par_1_5' title="bbox 725 1408 816 1472">
     <span class='ocr_line' id='line_1_10' title="bbox 725 1408 816 1472; baseline 0.033 -4"><span class='ocrx_word' id='word_1_41' title='bbox 725 1408 816 1472; x_wconf 90' lang='grc'>1890.</span> 
     </span>
    </p>
   </div>
   <div class='ocr_carea' id='block_1_6' title="bbox 170 1519 1288 2418">
    <p class='ocr_par' dir='ltr' id='par_1_6' title="bbox 180 1519 956 1591">
     <span class='ocr_line' id='line_1_11' title="bbox 180 1519 956 1591; baseline -0.005 -10"><span class='ocrx_word' id='word_1_42' title='bbox 180 1522 330 1581; x_wconf 81' lang='lat' dir='ltr'>Paulum</span> <span class='ocrx_word' id='word_1_43' title='bbox 352 1520 496 1577; x_wconf 86' lang='lat' dir='ltr'>interesse</span> <span class='ocrx_word' id='word_1_44' title='bbox 519 1534 643 1589; x_wconf 85' lang='lat' dir='ltr'>censes,</span> <span class='ocrx_word' id='word_1_45' title='bbox 667 1535 703 1576; x_wconf 88' lang='lat' dir='ltr'>ex</span> <span class='ocrx_word' id='word_1_46' title='bbox 725 1519 824 1577; x_wconf 90' lang='lat' dir='ltr'>animo</span> <span class='ocrx_word' id='word_1_47' title='bbox 848 1519 956 1591; x_wconf 90' lang='lat' dir='ltr'>omnia,</span> 
     </span>
    </p>

    <p class='ocr_par' dir='ltr' id='par_1_7' title="bbox 183 1618 1218 1782">
     <span class='ocr_line' id='line_1_12' title="bbox 183 1618 1218 1692; baseline -0.004 -7"><span class='ocrx_word' id='word_1_48' title='bbox 183 1625 234 1685; x_wconf 81' lang='lat' dir='ltr'>Ut</span> <span class='ocrx_word' id='word_1_49' title='bbox 258 1624 327 1682; x_wconf 88' lang='lat' dir='ltr'>fert</span> <span class='ocrx_word' id='word_1_50' title='bbox 349 1628 470 1692; x_wconf 86' lang='lat' dir='ltr'>natura,</span> <span class='ocrx_word' id='word_1_51' title='bbox 494 1639 531 1679; x_wconf 91' lang='lat' dir='ltr'>ao</span> <span class='ocrx_word' id='word_1_52' title='bbox 555 1620 646 1679; x_wconf 84' lang='lat' dir='ltr'>facias</span> <span class='ocrx_word' id='word_1_53' title='bbox 671 1621 707 1679; x_wconf 91' lang='lat' dir='ltr'>de</span> <span class='ocrx_word' id='word_1_54' title='bbox 730 1621 897 1680; x_wconf 83' lang='lat' dir='ltr'>industria?</span> <span class='ocrx_word' id='word_1_55' title='bbox 942 1622 1007 1678; x_wconf 87' lang='lat' dir='ltr'>Ter.</span> <span class='ocrx_word' id='word_1_56' title='bbox 1030 1623 1122 1682; x_wconf 85' lang='lat' dir='ltr'><strong>Andr.</strong></span> <span class='ocrx_word' id='word_1_57' title='bbox 1146 1618 1218 1681; x_wconf 88' lang='grc'>794.</span> 
     </span>
     <span class='ocr_line' id='line_1_13' title="bbox 721 1717 810 1782; baseline 0.034 -3"><span class='ocrx_word' id='word_1_58' title='bbox 721 1717 810 1782; x_wconf 86' lang='grc'>1891.</span> 
     </span>
    </p>

    <p class='ocr_par' dir='ltr' id='par_1_8' title="bbox 176 1826 749 1900">
     <span class='ocr_line' id='line_1_14' title="bbox 176 1826 749 1900; baseline -0.012 -9"><span class='ocrx_word' id='word_1_59' title='bbox 176 1831 330 1891; x_wconf 80' lang='lat' dir='ltr'>Paulum</span> <span class='ocrx_word' id='word_1_60' title='bbox 353 1828 486 1900; x_wconf 79' lang='lat' dir='ltr'>sepultae</span> <span class='ocrx_word' id='word_1_61' title='bbox 510 1826 601 1885; x_wconf 89' lang='lat' dir='ltr'>distat</span> <span class='ocrx_word' id='word_1_62' title='bbox 622 1827 749 1885; x_wconf 88' lang='lat' dir='ltr'>inertiae</span> 
     </span>
    </p>

    <p class='ocr_par' dir='ltr' id='par_1_9' title="bbox 175 1923 892 2090">
     <span class='ocr_line' id='line_1_15' title="bbox 175 1923 892 2001; baseline -0.015 -8"><span class='ocrx_word' id='word_1_63' title='bbox 175 1933 310 1993; x_wconf 83' lang='lat' dir='ltr'>Celata</span> <span class='ocrx_word' id='word_1_64' title='bbox 331 1931 433 1991; x_wconf 84' lang='lat' dir='ltr'>virtus.</span> <span class='ocrx_word' id='word_1_65' title='bbox 458 1956 498 1969; x_wconf 90' lang='lat'>-</span> <span class='ocrx_word' id='word_1_66' title='bbox 543 1931 615 1988; x_wconf 93' lang='lat' dir='ltr'>Hor.</span> <span class='ocrx_word' id='word_1_67' title='bbox 640 1929 694 1989; x_wconf 91' lang='lat' dir='ltr'>Od.</span> <span class='ocrx_word' id='word_1_68' title='bbox 720 1926 756 2001; x_wconf 89' lang='grc'>4,</span> <span class='ocrx_word' id='word_1_69' title='bbox 781 1925 817 2000; x_wconf 93' lang='grc'>9,</span> <span class='ocrx_word' id='word_1_70' title='bbox 841 1923 892 1989; x_wconf 88' lang='grc'>29.</span> 
     </span>
     <span class='ocr_line' id='line_1_16' title="bbox 723 2027 814 2090; baseline 0.022 -2"><span class='ocrx_word' id='word_1_71' title='bbox 723 2027 814 2090; x_wconf 93' lang='grc'>1892.</span> 
     </span>
    </p>

    <p class='ocr_par' dir='ltr' id='par_1_10' title="bbox 171 2135 1042 2213">
     <span class='ocr_line' id='line_1_17' title="bbox 171 2135 1042 2213; baseline -0.007 -13"><span class='ocrx_word' id='word_1_72' title='bbox 171 2143 324 2213; x_wconf 80' lang='lat' dir='ltr'><strong>Pauper</strong></span> <span class='ocrx_word' id='word_1_73' title='bbox 347 2137 424 2195; x_wconf 90' lang='lat' dir='ltr'>enim</span> <span class='ocrx_word' id='word_1_74' title='bbox 447 2152 506 2195; x_wconf 93' lang='lat' dir='ltr'>non</span> <span class='ocrx_word' id='word_1_75' title='bbox 529 2142 593 2206; x_wconf 89' lang='lat' dir='ltr'>est,</span> <span class='ocrx_word' id='word_1_76' title='bbox 617 2136 664 2193; x_wconf 87' lang='lat' dir='ltr'>eui</span> <span class='ocrx_word' id='word_1_77' title='bbox 687 2152 784 2195; x_wconf 88' lang='lat' dir='ltr'>rerum</span> <span class='ocrx_word' id='word_1_78' title='bbox 807 2135 941 2208; x_wconf 85' lang='lat' dir='ltr'>suppetit</span> <span class='ocrx_word' id='word_1_79' title='bbox 963 2151 1042 2194; x_wconf 91' lang='lat' dir='ltr'>usus.</span> 
     </span>
    </p>

    <p class='ocr_par' dir='ltr' id='par_1_11' title="bbox 171 2238 1066 2312">
     <span class='ocr_line' id='line_1_18' title="bbox 171 2238 1066 2312; baseline -0.009 -7"><span class='ocrx_word' id='word_1_80' title='bbox 171 2245 218 2305; x_wconf 88' lang='lat' dir='ltr'>Si</span> <span class='ocrx_word' id='word_1_81' title='bbox 246 2243 356 2303; x_wconf 89' lang='lat' dir='ltr'>ventri</span> <span class='ocrx_word' id='word_1_82' title='bbox 379 2241 468 2310; x_wconf 91' lang='lat' dir='ltr'>bene,</span> <span class='ocrx_word' id='word_1_83' title='bbox 492 2241 517 2297; x_wconf 91' lang='lat' dir='ltr'>si</span> <span class='ocrx_word' id='word_1_84' title='bbox 541 2239 628 2298; x_wconf 90' lang='lat' dir='ltr'>lateri</span> <span class='ocrx_word' id='word_1_85' title='bbox 652 2245 697 2297; x_wconf 91' lang='lat' dir='ltr'>est</span> <span class='ocrx_word' id='word_1_86' title='bbox 716 2238 900 2312; x_wconf 87' lang='lat' dir='ltr'>pedibusque</span> <span class='ocrx_word' id='word_1_87' title='bbox 924 2240 1001 2311; x_wconf 87' lang='lat' dir='ltr'>tuis,</span> <span class='ocrx_word' id='word_1_88' title='bbox 1024 2241 1066 2298; x_wconf 91' lang='lat' dir='ltr'>nil</span> 
     </span>
    </p>

    <p class='ocr_par' dir='ltr' id='par_1_12' title="bbox 170 2340 1288 2418">
     <span class='ocr_line' id='line_1_19' title="bbox 170 2340 1288 2418; baseline -0.004 -10"><span class='ocrx_word' id='word_1_89' title='bbox 170 2347 335 2408; x_wconf 80' lang='lat' dir='ltr'>Divitiae</span> <span class='ocrx_word' id='word_1_90' title='bbox 357 2348 497 2417; x_wconf 88' lang='lat' dir='ltr'>poterunt</span> <span class='ocrx_word' id='word_1_91' title='bbox 518 2343 634 2414; x_wconf 81' lang='lat' dir='ltr'>regales</span> <span class='ocrx_word' id='word_1_92' title='bbox 657 2341 767 2401; x_wconf 87' lang='lat' dir='ltr'>addere</span> <span class='ocrx_word' id='word_1_93' title='bbox 790 2343 894 2414; x_wconf 78' lang='lat' dir='ltr'>maJus.</span> <span class='ocrx_word' id='word_1_94' title='bbox 939 2343 1012 2401; x_wconf 93' lang='lat' dir='ltr'>Hor.</span> <span class='ocrx_word' id='word_1_95' title='bbox 1036 2343 1093 2418; x_wconf 88' lang='lat' dir='ltr'>Ep.</span> <span class='ocrx_word' id='word_1_96' title='bbox 1120 2340 1154 2416; x_wconf 93' lang='grc'>1,</span> <span class='ocrx_word' id='word_1_97' title='bbox 1179 2340 1236 2417; x_wconf 89' lang='grc'>12,</span> <span class='ocrx_word' id='word_1_98' title='bbox 1259 2342 1288 2404; x_wconf 83' lang='grc'>4.</span> 
     </span>
    </p>
   </div>
   <div class='ocr_carea' id='block_1_7' title="bbox 722 2456 812 2520">
    <p class='ocr_par' dir='ltr' id='par_1_13' title="bbox 722 2456 812 2520">
     <span class='ocr_line' id='line_1_20' title="bbox 722 2456 812 2520; baseline 0.044 -4"><span class='ocrx_word' id='word_1_99' title='bbox 722 2456 812 2520; x_wconf 84' lang='grc'>1893.</span> 
     </span>
    </p>
   </div>
   <div class='ocr_carea' id='block_1_8' title="bbox 171 2565 1107 2641">
    <p class='ocr_par' dir='ltr' id='par_1_14' title="bbox 171 2565 1107 2641">
     <span class='ocr_line' id='line_1_21' title="bbox 171 2565 1107 2641; baseline -0.006 -11"><span class='ocrx_word' id='word_1_100' title='bbox 171 2566 427 2641; x_wconf 86' lang='lat' dir='ltr'>Pauperiorque</span> <span class='ocrx_word' id='word_1_101' title='bbox 448 2566 533 2624; x_wconf 91' lang='lat' dir='ltr'>bonis</span> <span class='ocrx_word' id='word_1_102' title='bbox 557 2565 682 2638; x_wconf 88' lang='lat' dir='ltr'>quisque</span> <span class='ocrx_word' id='word_1_103' title='bbox 705 2572 765 2636; x_wconf 88' lang='lat' dir='ltr'>est,</span> <span class='ocrx_word' id='word_1_104' title='bbox 790 2580 849 2638; x_wconf 90' lang='lat' dir='ltr'>quo</span> <span class='ocrx_word' id='word_1_105' title='bbox 871 2566 957 2640; x_wconf 88' lang='lat' dir='ltr'>plura</span> <span class='ocrx_word' id='word_1_106' title='bbox 979 2566 1107 2638; x_wconf 86' lang='lat' dir='ltr'>requirit</span> 
     </span>
    </p>
   </div>
   <div class='ocr_carea' id='block_1_9' title="bbox 172 2668 1330 2827">
    <p class='ocr_par' dir='ltr' id='par_1_15' title="bbox 172 2668 1330 2827">
     <span class='ocr_line' id='line_1_22' title="bbox 172 2668 1330 2744; baseline -0.003 -10"><span class='ocrx_word' id='word_1_107' title='bbox 172 2676 277 2741; x_wconf 87' lang='lat' dir='ltr'>Nec,</span> <span class='ocrx_word' id='word_1_108' title='bbox 312 2669 391 2743; x_wconf 92' lang='lat' dir='ltr'>quod</span> <span class='ocrx_word' id='word_1_109' title='bbox 419 2668 523 2740; x_wconf 88' lang='lat' dir='ltr'>habet,</span> <span class='ocrx_word' id='word_1_110' title='bbox 557 2673 706 2740; x_wconf 87' lang='lat' dir='ltr'>numerat,</span> <span class='ocrx_word' id='word_1_111' title='bbox 739 2672 870 2738; x_wconf 89' lang='lat' dir='ltr'>tantum,</span> <span class='ocrx_word' id='word_1_112' title='bbox 904 2668 983 2741; x_wconf 90' lang='lat' dir='ltr'>quod</span> <span class='ocrx_word' id='word_1_113' title='bbox 1010 2685 1069 2727; x_wconf 89' lang='lat' dir='ltr'>non</span> <span class='ocrx_word' id='word_1_114' title='bbox 1097 2669 1202 2739; x_wconf 87' lang='lat' dir='ltr'>habet,</span> <span class='ocrx_word' id='word_1_115' title='bbox 1237 2674 1330 2744; x_wconf 87' lang='lat' dir='ltr'>optut.</span> 
     </span>
     <span class='ocr_line' id='line_1_23' title="bbox 972 2753 1330 2827; baseline 0.011 -16"><span class='ocrx_word' id='word_1_116' title='bbox 972 2754 1074 2814; x_wconf 87' lang='lat' dir='ltr'>Manil.</span> <span class='ocrx_word' id='word_1_117' title='bbox 1098 2758 1216 2815; x_wconf 84' lang='lat' dir='ltr'>Astron.</span> <span class='ocrx_word' id='word_1_118' title='bbox 1240 2754 1277 2827; x_wconf 89' lang='grc'>4,</span> <span class='ocrx_word' id='word_1_119' title='bbox 1301 2753 1330 2816; x_wconf 90' lang='grc'>6.</span> 
     </span>
    </p>
   </div>
   <div class='ocr_carea' id='block_1_10' title="bbox 719 2851 808 2913">
    <p class='ocr_par' dir='ltr' id='par_1_16' title="bbox 719 2851 808 2913">
     <span class='ocr_line' id='line_1_24' title="bbox 719 2851 808 2913; baseline -0.045 0"><span class='ocrx_word' id='word_1_120' title='bbox 719 2851 808 2913; x_wconf 88' lang='grc'>1894.</span> 
     </span>
    </p>
   </div>
   <div class='ocr_carea' id='block_1_11' title="bbox 175 2958 1310 3136">
    <p class='ocr_par' dir='ltr' id='par_1_17' title="bbox 175 2958 1310 3136">
     <span class='ocr_line' id='line_1_25' title="bbox 450 2958 861 3033; baseline -0.005 -15"><span class='ocrx_word' id='word_1_121' title='bbox 450 2961 719 3033; x_wconf 83' lang='lat' dir='ltr'>Paupertatemque</span> <span class='ocrx_word' id='word_1_122' title='bbox 742 2958 861 3018; x_wconf 88' lang='lat' dir='ltr'>fatendo</span> 
     </span>
     <span class='ocr_line' id='line_1_26' title="bbox 175 3061 1310 3136; baseline -0.002 -9"><span class='ocrx_word' id='word_1_123' title='bbox 175 3066 335 3127; x_wconf 83' lang='lat' dir='ltr'>Effeeere</span> <span class='ocrx_word' id='word_1_124' title='bbox 358 3063 451 3122; x_wconf 87' lang='lat' dir='ltr'>levem</span> <span class='ocrx_word' id='word_1_125' title='bbox 473 3079 529 3120; x_wconf 88' lang='lat' dir='ltr'>nee</span> <span class='ocrx_word' id='word_1_126' title='bbox 551 3062 654 3136; x_wconf 90' lang='lat' dir='ltr'>iniqua</span> <span class='ocrx_word' id='word_1_127' title='bbox 675 3068 773 3122; x_wconf 88' lang='lat' dir='ltr'>mente</span> <span class='ocrx_word' id='word_1_128' title='bbox 797 3062 961 3123; x_wconf 86' lang='lat' dir='ltr'>ferendam.</span> <span class='ocrx_word' id='word_1_129' title='bbox 1007 3065 1059 3126; x_wconf 88' lang='lat' dir='ltr'>Ov.</span> <span class='ocrx_word' id='word_1_130' title='bbox 1083 3065 1155 3124; x_wconf 80' lang='lat' dir='ltr'>Met.</span> <span class='ocrx_word' id='word_1_131' title='bbox 1179 3062 1214 3135; x_wconf 91' lang='grc'>8,</span> <span class='ocrx_word' id='word_1_132' title='bbox 1238 3061 1310 3125; x_wconf 82' lang='grc'>633.</span> 
     </span>
    </p>
   </div>
   <div class='ocr_carea' id='block_1_12' title="bbox 463 3178 1194 3362">
    <p class='ocr_par' dir='ltr' id='par_1_18' title="bbox 463 3178 1194 3362">
     <span class='ocr_line' id='line_1_27' title="bbox 720 3178 812 3242; baseline 0.033 -3"><span class='ocrx_word' id='word_1_133' title='bbox 720 3178 812 3242; x_wconf 90' lang='grc'>1895.</span> 
     </span>
     <span class='ocr_line' id='line_1_28' title="bbox 463 3260 1194 3362; baseline 0.004 -18"><span class='ocrx_word' id='word_1_134' title='bbox 463 3287 582 3360; x_wconf 87' lang='lat' dir='ltr'>Pauper</span> <span class='ocrx_word' id='word_1_135' title='bbox 603 3286 712 3361; x_wconf 92' lang='lat' dir='ltr'>ubique</span> <span class='ocrx_word' id='word_1_136' title='bbox 731 3289 822 3360; x_wconf 85' lang='lat' dir='ltr'>jacet.</span> <span class='ocrx_word' id='word_1_137' title='bbox 870 3288 923 3349; x_wconf 91' lang='lat' dir='ltr'>Ov.</span> <span class='ocrx_word' id='word_1_138' title='bbox 946 3289 1029 3361; x_wconf 82' lang='lat' dir='ltr'>Fast.</span> <span class='ocrx_word' id='word_1_139' title='bbox 1055 3285 1082 3362; x_wconf 88' lang='lat'>1,</span> <span class='ocrx_word' id='word_1_140' title='bbox 1106 3260 1194 3348; x_wconf 92' lang='grc' dir='ltr'>218.Ι</span> 
     </span>
    </p>
   </div>
   <div class='ocr_carea' id='block_1_13' title="bbox 183 3400 1330 3791">
    <p class='ocr_par' dir='ltr' id='par_1_19' title="bbox 183 3400 1330 3791">
     <span class='ocr_line' id='line_1_29' title="bbox 721 3400 812 3467; baseline 0.066 -6"><span class='ocrx_word' id='word_1_141' title='bbox 721 3400 812 3467; x_wconf 89' lang='grc'>1896.</span> 
     </span>
     <span class='ocr_line' id='line_1_30' title="bbox 449 3467 1330 3586; baseline 0.01 -19"><span class='ocrx_word' id='word_1_142' title='bbox 449 3510 560 3569; x_wconf 88' lang='lat' dir='ltr'>Pavido</span> <span class='ocrx_word' id='word_1_143' title='bbox 571 3509 700 3585; x_wconf 87' lang='lat' dir='ltr'>fortique</span> <span class='ocrx_word' id='word_1_144' title='bbox 714 3467 876 3572; x_wconf 83' lang='lat' dir='ltr'>eadendurn</span> <span class='ocrx_word' id='word_1_145' title='bbox 893 3517 945 3572; x_wconf 89' lang='lat' dir='ltr'>est.</span> <span class='ocrx_word' id='word_1_146' title='bbox 972 3513 1082 3572; x_wconf 84' lang='lat' dir='ltr'>Lucan.</span> <span class='ocrx_word' id='word_1_147' title='bbox 1094 3513 1199 3574; x_wconf 83' lang='lat' dir='ltr'>Phars.</span> <span class='ocrx_word' id='word_1_148' title='bbox 1216 3511 1245 3586; x_wconf 91' lang='grc'>9,</span> <span class='ocrx_word' id='word_1_149' title='bbox 1259 3512 1330 3577; x_wconf 89' lang='grc'>583.</span> 
     </span>
     <span class='ocr_line' id='line_1_31' title="bbox 717 3608 811 3675; baseline 0.053 -5"><span class='ocrx_word' id='word_1_150' title='bbox 717 3608 811 3675; x_wconf 91' lang='grc'>1897.</span> 
     </span>
     <span class='ocr_line' id='line_1_32' title="bbox 183 3715 1233 3791; baseline 0.001 -15"><span class='ocrx_word' id='word_1_151' title='bbox 183 3718 257 3776; x_wconf 84' lang='lat' dir='ltr'>Pax</span> <span class='ocrx_word' id='word_1_152' title='bbox 283 3715 354 3774; x_wconf 88' lang='lat' dir='ltr'>ades</span> <span class='ocrx_word' id='word_1_153' title='bbox 377 3722 407 3774; x_wconf 92' lang='lat' dir='ltr'>et</span> <span class='ocrx_word' id='word_1_154' title='bbox 435 3723 496 3776; x_wconf 85' lang='lat' dir='ltr'>toto</span> <span class='ocrx_word' id='word_1_155' title='bbox 519 3719 598 3776; x_wconf 89' lang='lat' dir='ltr'>mitis</span> <span class='ocrx_word' id='word_1_156' title='bbox 622 3718 652 3777; x_wconf 93' lang='lat' dir='ltr'>in</span> <span class='ocrx_word' id='word_1_157' title='bbox 676 3719 747 3779; x_wconf 91' lang='lat' dir='ltr'>orbe</span> <span class='ocrx_word' id='word_1_158' title='bbox 772 3718 872 3779; x_wconf 80' lang='lat' dir='ltr'>manet</span> <span class='ocrx_word' id='word_1_159' title='bbox 918 3719 971 3780; x_wconf 91' lang='lat' dir='ltr'>Ov.</span> <span class='ocrx_word' id='word_1_160' title='bbox 994 3721 1076 3780; x_wconf 85' lang='lat' dir='ltr'>Fast.</span> <span class='ocrx_word' id='word_1_161' title='bbox 1104 3717 1137 3791; x_wconf 92' lang='grc'>1,</span> <span class='ocrx_word' id='word_1_162' title='bbox 1163 3715 1233 3778; x_wconf 91' lang='grc'>712.</span> 
     </span>
    </p>
   </div>
   <div class='ocr_carea' id='block_1_14' title="bbox 720 3832 814 3900">
    <p class='ocr_par' dir='ltr' id='par_1_20' title="bbox 720 3832 814 3900">
     <span class='ocr_line' id='line_1_33' title="bbox 720 3832 814 3900; baseline 0.053 -5"><span class='ocrx_word' id='word_1_163' title='bbox 720 3832 814 3900; x_wconf 92' lang='grc'>1898.</span> 
     </span>
    </p>
   </div>
   <div class='ocr_carea' id='block_1_15' title="bbox 185 3943 1286 4120">
    <p class='ocr_par' dir='ltr' id='par_1_21' title="bbox 185 3943 1286 4120">
     <span class='ocr_line' id='line_1_34' title="bbox 446 3943 774 4018; baseline 0.006 -16"><span class='ocrx_word' id='word_1_164' title='bbox 446 3943 509 4003; x_wconf 85' lang='lat' dir='ltr'>Pax</span> <span class='ocrx_word' id='word_1_165' title='bbox 532 3946 643 4018; x_wconf 86' lang='lat' dir='ltr'>optima</span> <span class='ocrx_word' id='word_1_166' title='bbox 665 3961 774 4017; x_wconf 89' lang='lat' dir='ltr'>rerum,</span> 
     </span>
     <span class='ocr_line' id='line_1_35' title="bbox 185 4044 1286 4120; baseline 0.004 -14"><span class='ocrx_word' id='word_1_167' title='bbox 185 4047 278 4119; x_wconf 81' lang='lat' dir='ltr'>Quas</span> <span class='ocrx_word' id='word_1_168' title='bbox 301 4044 555 4109; x_wconf 79' lang='lat' dir='ltr'>homini&#39;novisse</span> <span class='ocrx_word' id='word_1_169' title='bbox 580 4049 679 4109; x_wconf 86' lang='lat' dir='ltr'>datum</span> <span class='ocrx_word' id='word_1_170' title='bbox 702 4054 756 4109; x_wconf 87' lang='lat' dir='ltr'>est.</span> <span class='ocrx_word' id='word_1_171' title='bbox 780 4075 821 4088; x_wconf 91' lang='lat'>-</span> <span class='ocrx_word' id='word_1_172' title='bbox 865 4047 920 4108; x_wconf 84' lang='lat' dir='ltr'>Sil.</span> <span class='ocrx_word' id='word_1_173' title='bbox 943 4047 1010 4108; x_wconf 87' lang='lat' dir='ltr'>Ital.</span> <span class='ocrx_word' id='word_1_174' title='bbox 1034 4049 1108 4108; x_wconf 82' lang='lat' dir='ltr'>Pan.</span> <span class='ocrx_word' id='word_1_175' title='bbox 1136 4046 1190 4120; x_wconf 93' lang='lat' dir='ltr'>ll,</span> <span class='ocrx_word' id='word_1_176' title='bbox 1214 4045 1286 4110; x_wconf 83' lang='lat'>592.</span> 
     </span>
    </p>
   </div>
   <div class='ocr_carea' id='block_1_16' title="bbox 719 4162 810 4227">
    <p class='ocr_par' dir='ltr' id='par_1_22' title="bbox 719 4162 810 4227">
     <span class='ocr_line' id='line_1_36' title="bbox 719 4162 810 4227; baseline 0.033 -3"><span class='ocrx_word' id='word_1_177' title='bbox 719 4162 810 4227; x_wconf 89' lang='grc'>1899.</span> 
     </span>
    </p>
   </div>
   <div class='ocr_carea' id='block_1_17' title="bbox 184 4271 1330 4533">
    <p class='ocr_par' dir='ltr' id='par_1_23' title="bbox 184 4271 1330 4533">
     <span class='ocr_line' id='line_1_37' title="bbox 184 4271 1330 4346; baseline -0.001 -13"><span class='ocrx_word' id='word_1_178' title='bbox 184 4275 257 4333; x_wconf 87' lang='lat' dir='ltr'>Pax</span> <span class='ocrx_word' id='word_1_179' title='bbox 287 4279 386 4330; x_wconf 87' lang='lat' dir='ltr'>tamen</span> <span class='ocrx_word' id='word_1_180' title='bbox 420 4271 584 4344; x_wconf 84' lang='lat' dir='ltr'>interdurn,</span> <span class='ocrx_word' id='word_1_181' title='bbox 621 4272 704 4345; x_wconf 87' lang='lat' dir='ltr'>pacis</span> <span class='ocrx_word' id='word_1_182' title='bbox 731 4271 841 4331; x_wconf 86' lang='lat' dir='ltr'>fiducia</span> <span class='ocrx_word' id='word_1_183' title='bbox 870 4289 1018 4346; x_wconf 90' lang='lat' dir='ltr'>nunquam</span> <span class='ocrx_word' id='word_1_184' title='bbox 1050 4279 1102 4333; x_wconf 90' lang='lat' dir='ltr'>est.</span> <span class='ocrx_word' id='word_1_185' title='bbox 1158 4273 1210 4333; x_wconf 90' lang='lat' dir='ltr'>Ov.</span> <span class='ocrx_word' id='word_1_186' title='bbox 1240 4273 1330 4333; x_wconf 86' lang='lat' dir='ltr'>Trist.</span> 
     </span>
     <span class='ocr_line' id='line_1_38' title="bbox 1161 4370 1329 4447; baseline 0.024 -16"><span class='ocrx_word' id='word_1_187' title='bbox 1161 4373 1198 4445; x_wconf 88' lang='grc'>5,</span> <span class='ocrx_word' id='word_1_188' title='bbox 1222 4370 1255 4447; x_wconf 89' lang='grc'>2,</span> <span class='ocrx_word' id='word_1_189' title='bbox 1279 4371 1329 4435; x_wconf 95' lang='grc'>71.</span> 
     </span>
     <span class='ocr_line' id='line_1_39' title="bbox 1065 4474 1126 4533; baseline -0.016 0"><span class='ocrx_word' id='word_1_190' title='bbox 1065 4474 1126 4533; x_wconf 83' lang='lat'>10*</span> 
     </span>
    </p>
   </div>
   <div class='ocr_carea' id='block_1_18' title="bbox 0 0 1494 5048">
    <p class='ocr_par' dir='ltr' id='par_1_24' title="bbox 0 0 1494 5048">
     <span class='ocr_line' id='line_1_40' title="bbox 0 0 1494 5048; baseline 0 0"><span class='ocrx_word' id='word_1_191' title='bbox 0 0 1494 5048; x_wconf 95' lang='lat' dir='ltr'> </span> 
     </span>
    </p>
   </div>
  </div>
 </body>
</html>
