2978 5048
652 372 857 473 witha

394 569 453 608 mus
468 555 527 610 826.
546 554 611 608 844:
627 570 693 610 vera
703 562 797 610 monet
808 555 872 610 458:
888 568 949 609 sese
963 554 1022 622 ipse
1035 555 1190 610 hominibus
1202 556 1323 612 ostendit

394 641 459 693 116:
486 640 536 695 deo
556 641 668 695 eredere
687 642 821 696 nescimus
845 640 927 695 1508:
954 639 1164 707 permittendum
1191 647 1234 695 est
1261 642 1322 710 deo,

365 777 367 781 .
395 727 459 794 quid
477 727 543 780 utile
562 726 641 780 nobis
660 727 708 795 sit,
731 726 887 793 expendere
915 724 995 778 1920:
1022 726 1049 778 in
1069 725 1189 780 adversis
1208 728 1321 781 maxime

395 812 653 880 diligentissimeque
676 812 775 865 colitur
805 811 863 864 331.
901 811 983 865 1366:
1008 812 1116 866 miseris
1143 813 1231 880 parcit
1254 813 1320 865 295:

393 899 528 966 superbos
545 899 624 965 punit
641 897 723 950 2425:
750 897 887 951 interdum
910 896 1038 951 irascitur
1056 897 1132 950 1542.
1167 897 1251 951 2586:
1280 900 1322 951 ira

394 985 438 1038 dei
456 985 581 1038 humanis
600 983 702 1037 viribus
721 984 854 1037 valentior
873 981 1001 1036 1111941
1020 988 1048 1036 et
1065 984 1179 1037 miseros
1197 983 1320 1037 homines

392 1070 482 1124 reddit
504 1069 571 1124 256:
596 1070 639 1124 dei
665 1071 707 1123 ira
730 1069 806 1123 lenta
823 1084 884 1122 esse
904 1068 975 1121 solet
997 1067 1080 1120 2751:
1108 1068 1151 1121 dei
1178 1069 1249 1122 dona
1272 1075 1321 1123 tua

283 1158 285 1162 '
393 1156 473 1224 culpa
490 1156 606 1223 perdere
624 1156 681 1210 noli
699 1155 783 1208 2209:
803 1153 854 1207 deo
877 1154 966 1207 carior
989 1154 1070 1207 homo
1096 1170 1176 1222 quam
1200 1154 1252 1207 sibi
1279 1161 1322 1208 est

391 1240 473 1294 192οε
503 1241 625 1294 homines
655 1257 672 1294 a
699 1243 751 1294 deo
777 1239 908 1307 originem
937 1238 1038 1294 ducunt
1066 1240 1125 1294 257,
1166 1239 1247 1292 2168:
1279 1246 1322 1293 est

392 1326 472 1380 homo
492 1326 535 1379 dei
552 1328 638 1394 imago
658 1325 719 1380 603:
748 1325 816 1379 deus
834 1325 921 1378 estin
940 1331 1052 1392 pectore
1071 1333 1166 1381 nostro
1186 1326 1227 1380 71.
1260 1326 1320 1380 403.

183 1497 250 1553 Dies
270 1497 313 1567 [01.
332 1499 423 1552 Aetas.
461 1498 588 1566 Tempus.
623 1497 711 1565 VitaJ:
731 1496 789 1572 dies
808 1496 877 1548 diem
895 1500 974 1564 urget
991 1496 1069 1550 2662.
1100 1498 1183 1550 2722:
1202 1497 1319 1564 optimus

393 1585 506 1652 quisque
526 1584 583 1638 dies
603 1583 743 1637 celerrime
762 1581 838 1649 fugit·
850 1582 930 1636 1838:
958 1584 1045 1637 omnis
1064 1583 1124 1636 dies
1143 1583 1252 1636 ultimus
1270 1600 1319 1650 pu·

391 1669 490 1722 tandus
508 1669 567 1724 217.
604 1667 672 1721 1014
691 1669 763 1721 etin
782 1669 858 1721 lucro
878 1668 1053 1722 collocandus
1077 1674 1119 1722 est
1141 1669 1200 1722 326.
1236 1670 1319 1722 2135:

391 1755 479 1821 quivis
499 1754 556 1808 dies
575 1753 725 1808 sceleribus
744 1753 907 1821 profanatur
926 1754 1008 1807 2020:
1028 1755 1108 1808 etiam
1127 1755 1204 1808 iestis
1224 1755 1320 1810 diebus

391 1841 522 1909 quaedam
540 1841 651 1908 negotia
670 1855 799 1893 exercere
817 1841 884 1895 licet
902 1840 965 1894 690:
993 1840 1090 1894 natalis
1110 1840 1167 1894 dies
1186 1841 1320 1896 celebrari

392 1927 463 1981 solet
480 1927 541 1980 410.

179 2010 359 2068 Diffideuiia:
383 2013 471 2067 nimiis
490 2010 615 2066 laudibus
633 2016 757 2064 movetur
775 2011 856 2065 1844:
884 2011 1049 2066 diffidentem
1067 2012 1139 2066 haud
1158 2013 1236 2067 facile
1256 2027 1319 2066 cou-

391 2099 473 2153 solari
490 2112 635 2166 possumus
656 2096 728 2148 1514.

179 2183 328 2258 Dignitas:
348 2183 379 2238 cf.
400 2185 565 2239 Auctoritas
602 2183 704 2236 Honor.
741 2182 875 2236 Potestas.

183 2269 304 2330 Dilatio:
323 2270 360 2334 cf„
375 2271 461 2323 Mora.

178 2355 338 2428 Diligentia
356 2355 399 2425 [cf.
420 2353 520 2407 Labor.
557 2353 699 2421 Studien:
727 2360 826 2407 natura
851 2355 922 2407 omni
948 2355 1087 2422 diligentia
1110 2357 1251 2424 potentior
1277 2363 1320 2410 est

390 2437 454 2492 346:
481 2453 550 2506 opus
575 2443 630 2506 est,
654 2444 684 2491 ut
712 2440 813 2507 aliquid
832 2455 1030 2508 consequamur
1047 2440 1129 2495 2764:
1158 2458 1212 2510 quo
1232 2444 1319 2511 major

389 2540 443 2592 res,
462 2541 495 2579 eo
514 2523 647 2592 majorim
664 2525 712 2579 illa
731 2527 914 2580 consumenda
936 2526 1076 2594 diligentia
1100 2535 1143 2583 est
1164 2528 1247 2582 2341:
1275 2543 1318 2582 sa·

390 2612 519 2678 pientiam
538 2616 620 2677 auget
637 2610 695 2663 351.
716 2612 775 2665 436.

178 2699 293 2755 Discere
318 2696 362 2767 [cf.
381 2695 523 2749 Educatio.
562 2695 656 2749 Studia
674 2697 839 2766 literarum]:
868 2715 1004 2765 nunquam
1023 2713 1101 2752 cessa
1117 2698 1177 2752 436.
1213 2699 1319 2754 998za

394 2782 482 2836 doctis
501 2781 658 2835 discendum
676 2789 719 2836 est
736 2782 799 2836 437:
819 2800 853 2837 ne
873 2784 907 2836 ab
925 2785 1004 2838 hoste
1024 2785 1130 2853 quidem
1149 2784 1253 2839 discere
1272 2785 1317 2839 de-

389 2869 467 2922 decet
485 2867 549 2922 655:
569 2883 603 2920 ex
621 2869 735 2922 aliorum
753 2870 829 2923 malis
848 2871 1078 2939 incommodisque
1096 2886 1240 2939 possumus
1257 2870 1317 2924 355.

388 2954 452 3007 884:
477 2953 606 3007 discenda
624 2969 702 3022 quam
721 2955 837 3023 plurima
860 2962 936 3023 suut,
962 2962 993 3011 ut
1017 2957 1045 3010 in
1070 2956 1190 3010 adversis
1214 2956 1317 3026 aliquid

388 3040 468 3094 nobis
486 3045 573 3093 restet
590 3039 649 3093 434.

176 3126 326 3184 Discordia
346 3125 391 3194 [ci.
410 3126 568 3180 Altercatio.
595 3125 708 3180 Bellum.
736 3126 902 3180 inimicitiae.
931 3125 1054 3191 Odium]:
1073 3127 1206 3182 sociarum
1225 3144 1316 3183 rerum

388 3227 479 3266 comes
497 3212 578 3265 2488:
598 3211 769 3266 concordiam
788 3213 934 3280 gratiorem
953 3211 1042 3266 reddit
1059 3211 1119 3268 444.

175 3298 301 3356 Divites:
324 3315 379 3353 non
403 3305 468 3352 suut
485 3297 559 3351 beati
577 3299 732 3366 appellandi
751 3299 831 3352 1650:
856 3298 967 3352 divitum
985 3300 1090 3368 majora
1112 3314 1191 3367 quam
1213 3315 1316 3369 paupe-

387 3401 446 3437 rum
458 3382 593 3437 desideria
611 3385 766 3438 sunt1609:
785 3400 867 3450 saepe
886 3385 978 3437 miseri
988 3384 1108 3439 evadunt
1116 3386 1200 3439 2817:
1218 3386 1318 3454 gaudia

388 3469 515 3524 divitibus
533 3485 588 3523 uon
613 3471 712 3525 dantur
737 3471 803 3525 solis
828 3470 909 3524 1404:
933 3470 1032 3538 puellis
1053 3471 1164 3538 placent
1187 3472 1251 3526 823:
1271 3473 1318 3540 qui
1372 3503 1376 3509 ·

319 3600 323 3607 .
388 3555 462 3609 dives
480 3555 539 3610 fieri
557 3557 628 3625 vult,
656 3564 684 3611 11
702 3557 756 3611 0110
776 3557 833 3609 vult
852 3556 934 3609 1387:
962 3557 1075 3610 divitum
1098 3557 1243 3612 blanditiae
1267 3558 1315 3612 ial-

387 3641 460 3696 laces
478 3648 542 3696 sunt
567 3641 645 3696 1490:
670 3643 740 3711 grati
759 3658 813 3695 nou
832 3642 924 3696 solent
942 3645 1018 3711 esse,
1044 3643 1094 3696 sed
1116 3644 1145 3698 in
1169 3650 1315 3711 peccantes

387 3728 476 3782 severi
494 3726 570 3781 2198.

175 3814 303 3874 Divitiae
323 3814 369 3882 [cf.
388 3813 531 3881 Pecunia]:
550 3813 646 3866 doctus
664 3812 745 3866 homo
757 3820 785 3868 11
794 3814 899 3869 artibus
909 3816 1034 3884 ingenuis
1049 3817 1198 3870 instructus
1208 3829 1316 3883 semper

386 3900 471 3952 habet
489 3899 595 3953 divitias
612 3898 671 3953 484.
707 3899 771 3952 867:
794 3915 907 3968 magnae
928 3902 1035 3957 divitiae
1055 3909 1119 3957 sunt
1135 3901 1207 3971 frugi
1225 3903 1315 3956 vivere

384 3984 443 4038 456.
479 3984 555 4039 2230.

170 4069 272 4129 Docti:
291 4070 324 4125 01.
343 4071 496 4139 Sapientes.
536 4071 631 4125 Studia
648 4071 797 4125 literarum.

172 4155 326 4214 Doctrina:
345 4157 377 4210 cf.
396 4155 517 4211 Discere.
554 4157 694 4211 Educatio.
731 4157 889 4224 Praecepta.
927 4157 1023 4212 Studia
1039 4159 1187 4214 literarum.

171 4243 265 4300 Dolor
284 4242 329 4310 [cf.
348 4243 467 4298 Maeror.
502 4245 598 4310 Mala]:
625 4244 720 4298 mortis
738 4243 887 4298 fabricator
905 4243 987 4298 1388:
1013 4244 1107 4299 dolore
1130 4247 1211 4300 etiam
1233 4246 1314 4300 fortia

387 4329 470 4384 corda
495 4328 659 4398 franguntur
683 4331 741 4384 1168.
783 4330 841 4386 745.
884 4331 967 4386 1025;
993 4347 1102 4400 semper
1128 4334 1259 4402 malignus
1286 4339 1315 4387 et

232 4432 361 4484 rrommelt,
374 4434 520 4483 Florilegium
534 4434 644 4474 Latinum.
1069 4438 1106 4498 16
1161 4429 1164 4434 ’
