2948 5040
694 530 786 593 1417.

176 639 251 697 Nam
275 639 413 712 quoniam
436 638 553 696 variant
575 639 675 708 animi,
698 640 845 697 variamus
869 645 899 696 et
921 647 1009 697 artes.
1056 640 1107 698 Ov.
1131 640 1215 718 Rem.
1232 633 1309 695 525.

694 752 783 816 1418.

176 860 250 919 Nam
274 877 343 918 rara
364 859 453 928 fideS,
477 861 526 920 ubi
545 863 606 934 jam
629 863 735 920 melior

175 963 309 1023 Fortuna
331 966 398 1022 ruit.
422 993 464 1004 -
508 965 575 1023 Seu.
600 965 689 1024 Here.
714 964 779 1024 Oet.
804 959 875 1022 602.

694 1081 784 1144 1419.

175 1188 250 1245 Nam
273 1204 321 1244 res
345 1185 497 1245 mortifera
519 1193 564 1244 est
585 1189 721 1246 inimicus
744 1191 859 1261 pumice
882 1189 963 1247 levis,
1009 1188 1074 1246 Juv.
1100 1187 1161 1244 Sat.
1185 1181 1225 1254 9,
1256 1181 1312 1242 95.

694 1303 785 1366 1420.

175 1411 251 1469 Nam
273 1411 335 1468 risu
357 1411 458 1484 inepto
481 1428 529 1468 res
551 1411 682 1484 ineptior
702 1413 784 1470 nulia
806 1417 860 1470 est.
906 1408 1010 1469 Catuli.
1034 1406 1130 1468 Oarrn.
1154 1401 1210 1478 39,
1239 1403 1290 1466 16.

692 1527 784 1591 1421.

423 1631 497 1688 Nam
522 1649 611 1705 saepe
634 1639 695 1707 est,
725 1634 830 1707 quibus
857 1635 888 1691 in
917 1631 1004 1691 rebus
1039 1632 1115 1690 alius
1144 1647 1181 1688 ne
1212 1631 1349 1709 iratus-¹

1109 1734 1228 1807 quidem
1253 1739 1314 1804 est,

175 1837 246 1897 Cum
270 1837 305 1894 de
328 1836 430 1895 eadem
453 1853 543 1895 causa
570 1843 615 1894 est
643 1839 804 1897 iracundus
834 1838 928 1897 faetus
958 1838 1190 1897 inimicissimus,
1238 1838 1312 1899 Ter.

1134 1942 1209 1999 Heo.
1235 1935 1313 1999 308.

691 2056 782 2121 1422.

174 2166 248 2224 Nam
276 2163 395 2235 sapiens
422 2162 540 2235 quidem
564 2209 569 2220 .
589 2208 602 2242 .·
627 2208 634 2220 .
660 2208 667 2221 .
690 2166 774 2237 ipsus
804 2163 887 2236 fingit
918 2164 1064 2224 fortunam
1095 2164 1160 2221 sibi.
1206 2166 1309 2225 Plaut.

1023 2267 1104 2326 Trin.
1129 2261 1165 2336 2,
1190 2262 1227 2337 2,
1253 2262 1308 2328 84.

692 2381 782 2446 1423.

172 2488 248 2547 Nam
271 2483 367 2544 scelus
388 2485 469 2544 intra
491 2502 524 2544 se
546 2487 666 2544 tacitum
690 2489 740 2561 qui
764 2491 993 2562 cogitatuum,

172 2591 258 2649 Facti
283 2589 393 2647 crimen
417 2589 514 2648 habet.
560 2587 654 2662 Cedo,
678 2591 702 2648 si
726 2596 833 2649 eonata
856 2593 991 2664 peregit?

172 2697 322 2767 Perpetua
343 2692 477 2751 anxietas
500 2707 555 2749 nec
578 2709 696 2752 mensae
718 2700 851 2767 tempore
873 2700 979 2765 cessat,

172 2796 321 2856 Faucibus
343 2801 378 2853 ut
398 2793 501 2852 morbo
525 2794 612 2851 siccis
633 2795 771 2869 interque
793 2799 921 2855 molares

172 2899 295 2958 Difficili
319 2904 471 2957 arescente
495 2897 571 2955 cibo.
593 2924 634 2936 —
676 2897 743 2956 Juv.
768 2899 829 2958 Sat.
858 2896 910 2990 13,
935 2894 1008 2959 209.

689 2995 780 3061 1424.

172 3107 246 3166 Nam
269 3120 387 3176 semper
417 3109 524 3161 occant
551 3103 635 3175 prius
665 3121 751 3178 quam
780 3105 896 3165 sariunt
923 3106 1037 3164 rustici.
1082 3105 1178 3163 Plaut.
1214 3102 1307 3178 Oapt.
1347 3104 1349 3115 '

1153 3202 1188 3277 3,
1214 3205 1250 3279 5,
1276 3205 1308 3266 5.

691 3306 780 3368 1425.

171 3414 246 3472 Nam
269 3414 294 3472 si
317 3413 355 3471 ad
376 3417 582 3485 paupertatem
605 3412 771 3485 admigrant
791 3413 940 3485 infamiae,

172 3516 299 3577 Gravior
320 3522 482 3590 paupertas
506 3515 548 3587 fit,
572 3515 645 3574 fides
668 3516 835 3577 sublestior.
879 3519 974 3576 Plaut.
997 3518 1078 3576 Pers.
1104 3512 1132 3588 3,
1159 3515 1187 3588 1,
1216 3515 1266 3577 19.

690 3615 780 3680 1426.

170 3722 247 3781 Nam
270 3724 344 3781 solet
365 3723 482 3796 adJeeto
506 3737 640 3781 erescere
668 3721 785 3781 flamma
812 3738 892 3796 roge.
938 3722 1027 3782 Corn.
1051 3724 1127 3784 Gall.
1152 3723 1189 3791 (1)
1212 3725 1301 3798 Eleg.

1187 3821 1225 3899 3,
1252 3823 1305 3887 32.

691 3922 780 3987 1427.

170 4030 246 4089 Nam
267 4032 357 4090 timor
378 4049 454 4092 unus
478 4037 555 4102 erat,
579 4030 670 4090 facies
691 4048 751 4092 non
774 4049 833 4092 una
853 4034 978 4091 timoris
1008 4033 1060 4093 Ov.
1075 4034 1109 4093 A.
1123 4035 1158 4093 A.
1180 4029 1210 4105 1,
1232 4030 1304 4096 121.

89 4211 91 4215 Α
464 4114 465 4119 '
688 4131 779 4195 1428.

170 4235 244 4294 Nam
267 4242 319 4297 tua
340 4255 388 4296 res
411 4239 524 4312 agitur,
547 4239 647 4311 paries
671 4254 735 4296 oum
758 4239 909 4311 proximus
933 4239 1026 4308 ardet,

170 4339 210 4398 Et
231 4343 366 4413 neglecta
387 4344 486 4401 solent
508 4341 647 4400 incendia
668 4357 783 4399 sumere
806 4342 893 4399 vires.
938 4342 1009 4403 Hor.
1034 4341 1091 4414 Ep.
1118 4337 1146 4413 1,
1174 4340 1224 4417 18,
1250 4341 1302 4407 84.
