<?xml version="1.0" encoding="UTF-8"?>
<!DOCTYPE html PUBLIC "-//W3C//DTD XHTML 1.0 Transitional//EN"
    "http://www.w3.org/TR/xhtml1/DTD/xhtml1-transitional.dtd">
<html xmlns="http://www.w3.org/1999/xhtml" xml:lang="en" lang="en">
 <head>
  <title>
</title>
<meta http-equiv="Content-Type" content="text/html;charset=utf-8" />
  <meta name='ocr-system' content='tesseract 3.04.00' />
  <meta name='ocr-capabilities' content='ocr_page ocr_carea ocr_par ocr_line ocrx_word'/>
</head>
<body>
  <div class='ocr_page' id='page_1' title='image "./florilegiumlati00fromgoog_0102.png"; bbox 0 0 2978 5048; ppageno 0'>
   <div class='ocr_carea' id='block_1_1' title="bbox 432 658 1023 733">
    <p class='ocr_par' dir='ltr' id='par_1_1' title="bbox 432 658 1023 733">
     <span class='ocr_line' id='line_1_1' title="bbox 432 658 1023 733; baseline -0.005 -15"><span class='ocrx_word' id='word_1_1' title='bbox 432 660 502 733; x_wconf 91' lang='lat' dir='ltr'><strong>Ipse</strong></span> <span class='ocrx_word' id='word_1_2' title='bbox 525 676 578 717; x_wconf 93' lang='lat' dir='ltr'><strong>suo</strong></span> <span class='ocrx_word' id='word_1_3' title='bbox 601 659 696 717; x_wconf 88' lang='lat' dir='ltr'><strong>voluit</strong></span> <span class='ocrx_word' id='word_1_4' title='bbox 717 659 894 716; x_wconf 87' lang='lat' dir='ltr'><strong>commercia</strong></span> <span class='ocrx_word' id='word_1_5' title='bbox 916 658 1023 717; x_wconf 90' lang='lat' dir='ltr'><strong>mundo</strong></span> 
     </span>
    </p>
   </div>
   <div class='ocr_carea' id='block_1_2' title="bbox 173 761 1314 933">
    <p class='ocr_par' dir='ltr' id='par_1_2' title="bbox 173 761 1314 933">
     <span class='ocr_line' id='line_1_2' title="bbox 173 761 1314 837; baseline -0.002 -16"><span class='ocrx_word' id='word_1_6' title='bbox 173 763 303 837; x_wconf 84' lang='lat' dir='ltr'><strong>Jupiter</strong></span> <span class='ocrx_word' id='word_1_7' title='bbox 321 770 351 823; x_wconf 91' lang='lat' dir='ltr'><strong>et</strong></span> <span class='ocrx_word' id='word_1_8' title='bbox 368 769 468 823; x_wconf 89' lang='lat' dir='ltr'><strong>tantos</strong></span> <span class='ocrx_word' id='word_1_9' title='bbox 490 763 638 821; x_wconf 90' lang='lat' dir='ltr'><strong>hominum</strong></span> <span class='ocrx_word' id='word_1_10' title='bbox 660 761 783 820; x_wconf 89' lang='lat' dir='ltr'><strong>miscere</strong></span> <span class='ocrx_word' id='word_1_11' title='bbox 802 762 927 820; x_wconf 86' lang='lat' dir='ltr'><strong>labores.</strong></span> <span class='ocrx_word' id='word_1_12' title='bbox 969 762 1068 820; x_wconf 90' lang='lat' dir='ltr'><strong>Valer.</strong></span> <span class='ocrx_word' id='word_1_13' title='bbox 1087 761 1185 820; x_wconf 85' lang='lat' dir='ltr'><strong>Flacc.</strong></span> <span class='ocrx_word' id='word_1_14' title='bbox 1203 761 1314 832; x_wconf 80' lang='lat' dir='ltr'><strong>Argon.</strong></span> 
     </span>
     <span class='ocr_line' id='line_1_3' title="bbox 1189 856 1314 933; baseline 0.016 -15"><span class='ocrx_word' id='word_1_15' title='bbox 1189 863 1218 933; x_wconf 91' lang='lat'><strong>1,</strong></span> <span class='ocrx_word' id='word_1_16' title='bbox 1242 856 1314 920; x_wconf 87' lang='grc'>246.</span> 
     </span>
    </p>
   </div>
   <div class='ocr_carea' id='block_1_3' title="bbox 173 965 1314 1250">
    <p class='ocr_par' dir='ltr' id='par_1_3' title="bbox 173 965 1314 1250">
     <span class='ocr_line' id='line_1_4' title="bbox 703 965 793 1028; baseline 0.044 -4"><span class='ocrx_word' id='word_1_17' title='bbox 703 965 793 1028; x_wconf 81' lang='grc'>1051.</span> 
     </span>
     <span class='ocr_line' id='line_1_5' title="bbox 174 1071 971 1147; baseline -0.003 -16"><span class='ocrx_word' id='word_1_18' title='bbox 174 1074 251 1147; x_wconf 86' lang='lat' dir='ltr'><strong>Ipse</strong></span> <span class='ocrx_word' id='word_1_19' title='bbox 274 1079 362 1132; x_wconf 82' lang='lat' dir='ltr'><strong>vocat</strong></span> <span class='ocrx_word' id='word_1_20' title='bbox 384 1072 498 1131; x_wconf 89' lang='lat' dir='ltr'><strong>animos</strong></span> <span class='ocrx_word' id='word_1_21' title='bbox 522 1080 640 1131; x_wconf 89' lang='lat' dir='ltr'><strong>nostros</strong></span> <span class='ocrx_word' id='word_1_22' title='bbox 664 1071 700 1130; x_wconf 89' lang='lat' dir='ltr'><strong>ad</strong></span> <span class='ocrx_word' id='word_1_23' title='bbox 724 1071 824 1131; x_wconf 93' lang='lat' dir='ltr'><strong>sidera</strong></span> <span class='ocrx_word' id='word_1_24' title='bbox 846 1072 971 1130; x_wconf 88' lang='lat' dir='ltr'><strong>mundus</strong></span> 
     </span>
     <span class='ocr_line' id='line_1_6' title="bbox 173 1174 1314 1250; baseline -0.005 -14"><span class='ocrx_word' id='word_1_25' title='bbox 173 1179 244 1236; x_wconf 87' lang='lat' dir='ltr'><strong>Nec</strong></span> <span class='ocrx_word' id='word_1_26' title='bbox 268 1177 397 1248; x_wconf 87' lang='lat' dir='ltr'><strong>patitur,</strong></span> <span class='ocrx_word' id='word_1_27' title='bbox 422 1178 573 1250; x_wconf 90' lang='lat' dir='ltr'><strong>quianon</strong></span> <span class='ocrx_word' id='word_1_28' title='bbox 597 1174 712 1246; x_wconf 87' lang='lat' dir='ltr'><strong>condit,</strong></span> <span class='ocrx_word' id='word_1_29' title='bbox 743 1193 797 1234; x_wconf 90' lang='lat' dir='ltr'><strong>sua</strong></span> <span class='ocrx_word' id='word_1_30' title='bbox 819 1177 889 1247; x_wconf 89' lang='lat' dir='ltr'><strong>jnra</strong></span> <span class='ocrx_word' id='word_1_31' title='bbox 917 1177 1021 1234; x_wconf 84' lang='lat' dir='ltr'><strong>latere.</strong></span> <span class='ocrx_word' id='word_1_32' title='bbox 1067 1174 1170 1232; x_wconf 87' lang='lat' dir='ltr'><strong>Manil.</strong></span> <span class='ocrx_word' id='word_1_33' title='bbox 1193 1177 1314 1232; x_wconf 88' lang='lat' dir='ltr'><strong>Astron.</strong></span> 
     </span>
    </p>
   </div>
   <div class='ocr_carea' id='block_1_4' title="bbox 432 1270 1313 1574">
    <p class='ocr_par' dir='ltr' id='par_1_4' title="bbox 432 1270 1313 1574">
     <span class='ocr_line' id='line_1_7' title="bbox 1181 1270 1313 1346; baseline 0.038 -15"><span class='ocrx_word' id='word_1_34' title='bbox 1181 1272 1217 1346; x_wconf 89' lang='grc'><strong>4,</strong></span> <span class='ocrx_word' id='word_1_35' title='bbox 1241 1270 1313 1336; x_wconf 88' lang='grc'>920.</span> 
     </span>
     <span class='ocr_line' id='line_1_8' title="bbox 705 1393 795 1457; baseline 0.033 -4"><span class='ocrx_word' id='word_1_36' title='bbox 705 1393 795 1457; x_wconf 86' lang='grc'>1052.</span> 
     </span>
     <span class='ocr_line' id='line_1_9' title="bbox 432 1491 1208 1574; baseline -0.008 -14"><span class='ocrx_word' id='word_1_37' title='bbox 432 1502 481 1560; x_wconf 83' lang='grc'><strong>111</strong></span> <span class='ocrx_word' id='word_1_38' title='bbox 504 1502 650 1560; x_wconf 89' lang='lat' dir='ltr'><strong>concitum</strong></span> <span class='ocrx_word' id='word_1_39' title='bbox 672 1506 775 1574; x_wconf 89' lang='lat' dir='ltr'><strong>pectus</strong></span> <span class='ocrx_word' id='word_1_40' title='bbox 800 1501 893 1560; x_wconf 90' lang='lat' dir='ltr'><strong>doma.</strong></span> <span class='ocrx_word' id='word_1_41' title='bbox 940 1501 1008 1560; x_wconf 84' lang='lat' dir='ltr'><strong>Seu.</strong></span> <span class='ocrx_word' id='word_1_42' title='bbox 1031 1499 1111 1558; x_wconf 89' lang='lat' dir='ltr'><strong>Med.</strong></span> <span class='ocrx_word' id='word_1_43' title='bbox 1137 1491 1208 1554; x_wconf 86' lang='grc'>506.</span> 
     </span>
    </p>
   </div>
   <div class='ocr_carea' id='block_1_5' title="bbox 700 1616 790 1680">
    <p class='ocr_par' dir='ltr' id='par_1_5' title="bbox 700 1616 790 1680">
     <span class='ocr_line' id='line_1_10' title="bbox 700 1616 790 1680; baseline 0.033 -3"><span class='ocrx_word' id='word_1_44' title='bbox 700 1616 790 1680; x_wconf 88' lang='grc'>1053.</span> 
     </span>
    </p>
   </div>
   <div class='ocr_carea' id='block_1_6' title="bbox 174 1722 1315 2506">
    <p class='ocr_par' dir='ltr' id='par_1_6' title="bbox 174 1722 1315 2506">
     <span class='ocr_line' id='line_1_11' title="bbox 179 1722 1206 1799; baseline -0.009 -11"><span class='ocrx_word' id='word_1_45' title='bbox 179 1727 369 1788; x_wconf 82' lang='lat' dir='ltr'><strong>iracundiam</strong></span> <span class='ocrx_word' id='word_1_46' title='bbox 394 1725 443 1799; x_wconf 90' lang='lat' dir='ltr'><strong>qui</strong></span> <span class='ocrx_word' id='word_1_47' title='bbox 466 1726 566 1796; x_wconf 85' lang='lat' dir='ltr'><strong>vincit,</strong></span> <span class='ocrx_word' id='word_1_48' title='bbox 590 1726 705 1785; x_wconf 87' lang='lat' dir='ltr'><strong>hostem</strong></span> <span class='ocrx_word' id='word_1_49' title='bbox 728 1732 852 1799; x_wconf 87' lang='lat' dir='ltr'><strong>superat</strong></span> <span class='ocrx_word' id='word_1_50' title='bbox 874 1726 1038 1784; x_wconf 86' lang='lat' dir='ltr'><strong>maximum.</strong></span> <span class='ocrx_word' id='word_1_51' title='bbox 1084 1723 1117 1780; x_wconf 90' lang='lat' dir='ltr'><strong>P.</strong></span> <span class='ocrx_word' id='word_1_52' title='bbox 1142 1722 1206 1795; x_wconf 88' lang='lat' dir='ltr'>Syr.</span> 
     </span>
     <span class='ocr_line' id='line_1_12' title="bbox 703 1825 794 1886; baseline 0.022 -3"><span class='ocrx_word' id='word_1_53' title='bbox 703 1825 794 1886; x_wconf 85' lang='grc'>1054.</span> 
     </span>
     <span class='ocr_line' id='line_1_13' title="bbox 174 1931 1103 2006; baseline -0.01 -12"><span class='ocrx_word' id='word_1_54' title='bbox 174 1936 228 1994; x_wconf 89' lang='lat' dir='ltr'><strong>Ira</strong></span> <span class='ocrx_word' id='word_1_55' title='bbox 253 1933 338 1992; x_wconf 85' lang='lat' dir='ltr'><strong>furor</strong></span> <span class='ocrx_word' id='word_1_56' title='bbox 359 1933 457 1992; x_wconf 87' lang='lat' dir='ltr'><strong>brevis</strong></span> <span class='ocrx_word' id='word_1_57' title='bbox 480 1937 540 1990; x_wconf 90' lang='lat' dir='ltr'><strong>est:</strong></span> <span class='ocrx_word' id='word_1_58' title='bbox 564 1932 692 1990; x_wconf 91' lang='lat' dir='ltr'><strong>animum</strong></span> <span class='ocrx_word' id='word_1_59' title='bbox 717 1948 801 2005; x_wconf 81' lang='lat' dir='ltr'><strong>rega;</strong></span> <span class='ocrx_word' id='word_1_60' title='bbox 826 1933 875 2006; x_wconf 91' lang='lat' dir='ltr'><strong>qui</strong></span> <span class='ocrx_word' id='word_1_61' title='bbox 899 1931 956 1989; x_wconf 93' lang='lat' dir='ltr'><strong>nisi</strong></span> <span class='ocrx_word' id='word_1_62' title='bbox 980 1935 1103 2003; x_wconf 61' lang='lat' dir='ltr'><strong>paret·</strong></span> 
     </span>
     <span class='ocr_line' id='line_1_14' title="bbox 174 2026 1314 2110; baseline -0.005 -15"><span class='ocrx_word' id='word_1_63' title='bbox 174 2038 328 2110; x_wconf 82' lang='lat' dir='ltr'>Imperat:</span> <span class='ocrx_word' id='word_1_64' title='bbox 354 2035 431 2094; x_wconf 92' lang='lat' dir='ltr'><strong>hunc</strong></span> <span class='ocrx_word' id='word_1_65' title='bbox 442 2035 544 2105; x_wconf 83' lang='lat' dir='ltr'><strong>frenis,</strong></span> <span class='ocrx_word' id='word_1_66' title='bbox 559 2036 637 2093; x_wconf 92' lang='lat' dir='ltr'><strong>hunc</strong></span> <span class='ocrx_word' id='word_1_67' title='bbox 653 2042 685 2093; x_wconf 92' lang='lat' dir='ltr'><strong>tu</strong></span> <span class='ocrx_word' id='word_1_68' title='bbox 702 2052 855 2108; x_wconf 83' lang='lat' dir='ltr'><strong>compesce</strong></span> <span class='ocrx_word' id='word_1_69' title='bbox 871 2040 985 2094; x_wconf 86' lang='lat' dir='ltr'><strong>catena.</strong></span> <span class='ocrx_word' id='word_1_70' title='bbox 1018 2033 1090 2090; x_wconf 88' lang='lat' dir='ltr'><strong>Hor.</strong></span> <span class='ocrx_word' id='word_1_71' title='bbox 1106 2031 1162 2105; x_wconf 85' lang='lat' dir='ltr'><strong>Ep.</strong></span> <span class='ocrx_word' id='word_1_72' title='bbox 1178 2028 1204 2102; x_wconf 92' lang='grc'><strong>1,</strong></span> <span class='ocrx_word' id='word_1_73' title='bbox 1219 2027 1248 2100; x_wconf 93' lang='grc'>2,</span> <span class='ocrx_word' id='word_1_74' title='bbox 1263 2026 1314 2089; x_wconf 85' lang='grc'><strong>62.</strong></span> 
     </span>
     <span class='ocr_line' id='line_1_15' title="bbox 623 2124 911 2200; baseline -0.003 -5"><span class='ocrx_word' id='word_1_75' title='bbox 623 2124 627 2130; x_wconf 63' lang='grc'><strong>’</strong></span> <span class='ocrx_word' id='word_1_76' title='bbox 704 2135 795 2200; x_wconf 87' lang='grc'>1055,</span> <span class='ocrx_word' id='word_1_77' title='bbox 906 2130 911 2141; x_wconf 89' lang='grc'><strong>’</strong></span> 
     </span>
     <span class='ocr_line' id='line_1_16' title="bbox 322 2238 1314 2314; baseline -0.003 -15"><span class='ocrx_word' id='word_1_78' title='bbox 322 2305 323 2309; x_wconf 43' lang='lat'>,</span> <span class='ocrx_word' id='word_1_79' title='bbox 433 2242 511 2300; x_wconf 86' lang='lat' dir='ltr'>Iram</span> <span class='ocrx_word' id='word_1_80' title='bbox 535 2247 623 2314; x_wconf 90' lang='lat' dir='ltr'><strong>atque</strong></span> <span class='ocrx_word' id='word_1_81' title='bbox 656 2243 812 2301; x_wconf 90' lang='lat' dir='ltr'><strong>animosa</strong></span> <span class='ocrx_word' id='word_1_82' title='bbox 842 2241 964 2301; x_wconf 91' lang='lat' dir='ltr'><strong>crimine</strong></span> <span class='ocrx_word' id='word_1_83' title='bbox 992 2243 1119 2297; x_wconf 86' lang='lat' dir='ltr'><strong>sumunt.</strong></span> <span class='ocrx_word' id='word_1_84' title='bbox 1164 2238 1229 2297; x_wconf 89' lang='lat' dir='ltr'><strong>Juv.</strong></span> <span class='ocrx_word' id='word_1_85' title='bbox 1254 2238 1314 2297; x_wconf 89' lang='lat' dir='ltr'><strong>Sat.</strong></span> 
     </span>
     <span class='ocr_line' id='line_1_17' title="bbox 934 2336 1315 2411; baseline 0.005 -13"><span class='ocrx_word' id='word_1_86' title='bbox 934 2339 938 2345; x_wconf 84' lang='grc'><strong>’</strong></span> <span class='ocrx_word' id='word_1_87' title='bbox 1184 2336 1217 2411; x_wconf 89' lang='grc'>6,</span> <span class='ocrx_word' id='word_1_88' title='bbox 1242 2337 1315 2400; x_wconf 80' lang='grc'>285.</span> 
     </span>
     <span class='ocr_line' id='line_1_18' title="bbox 703 2444 794 2506; baseline 0.044 -4"><span class='ocrx_word' id='word_1_89' title='bbox 703 2444 794 2506; x_wconf 87' lang='grc'>1050.</span> 
     </span>
    </p>
   </div>
   <div class='ocr_carea' id='block_1_7' title="bbox 170 2541 1315 2623">
    <p class='ocr_par' dir='ltr' id='par_1_7' title="bbox 170 2541 1315 2623">
     <span class='ocr_line' id='line_1_19' title="bbox 170 2541 1315 2623; baseline -0.003 -15"><span class='ocrx_word' id='word_1_90' title='bbox 170 2551 295 2610; x_wconf 85' lang='lat' dir='ltr'><strong>Irarum</strong></span> <span class='ocrx_word' id='word_1_91' title='bbox 318 2554 417 2608; x_wconf 87' lang='lat' dir='ltr'><strong>tantos</strong></span> <span class='ocrx_word' id='word_1_92' title='bbox 441 2551 534 2609; x_wconf 85' lang='lat' dir='ltr'><strong>volvis</strong></span> <span class='ocrx_word' id='word_1_93' title='bbox 558 2551 611 2609; x_wconf 90' lang='lat' dir='ltr'><strong>sub</strong></span> <span class='ocrx_word' id='word_1_94' title='bbox 636 2558 758 2623; x_wconf 84' lang='lat' dir='ltr'><strong>pectore</strong></span> <span class='ocrx_word' id='word_1_95' title='bbox 781 2550 909 2610; x_wconf 75' lang='lat' dir='ltr'><strong>fluctus?</strong></span> <span class='ocrx_word' id='word_1_96' title='bbox 954 2550 1034 2621; x_wconf 76' lang='lat' dir='ltr'><strong>virg,</strong></span> <span class='ocrx_word' id='word_1_97' title='bbox 1058 2549 1129 2607; x_wconf 86' lang='lat' dir='ltr'><strong>Aen.</strong></span> <span class='ocrx_word' id='word_1_98' title='bbox 1158 2541 1212 2618; x_wconf 94' lang='grc'><strong>12,</strong></span> <span class='ocrx_word' id='word_1_99' title='bbox 1243 2541 1315 2604; x_wconf 87' lang='grc'>831.</span> 
     </span>
    </p>
   </div>
   <div class='ocr_carea' id='block_1_8' title="bbox 704 2666 794 2730">
    <p class='ocr_par' dir='ltr' id='par_1_8' title="bbox 704 2666 794 2730">
     <span class='ocr_line' id='line_1_20' title="bbox 704 2666 794 2730; baseline 0.056 -5"><span class='ocrx_word' id='word_1_100' title='bbox 704 2666 794 2730; x_wconf 87' lang='grc'>1057.</span> 
     </span>
    </p>
   </div>
   <div class='ocr_carea' id='block_1_9' title="bbox 177 2769 1109 2936">
    <p class='ocr_par' dir='ltr' id='par_1_9' title="bbox 177 2769 1109 2936">
     <span class='ocr_line' id='line_1_21' title="bbox 177 2769 1109 2846; baseline -0.005 -11"><span class='ocrx_word' id='word_1_101' title='bbox 177 2769 279 2835; x_wconf 82' lang='lat' dir='ltr'><strong>Iratus</strong></span> <span class='ocrx_word' id='word_1_102' title='bbox 305 2790 369 2832; x_wconf 90' lang='lat' dir='ltr'><strong>cum</strong></span> <span class='ocrx_word' id='word_1_103' title='bbox 393 2773 430 2833; x_wconf 88' lang='lat' dir='ltr'><strong>ad</strong></span> <span class='ocrx_word' id='word_1_104' title='bbox 454 2790 486 2833; x_wconf 93' lang='lat' dir='ltr'><strong>se</strong></span> <span class='ocrx_word' id='word_1_105' title='bbox 509 2775 598 2846; x_wconf 90' lang='lat' dir='ltr'><strong>redit,</strong></span> <span class='ocrx_word' id='word_1_106' title='bbox 623 2775 680 2834; x_wconf 90' lang='lat' dir='ltr'><strong>sibi</strong></span> <span class='ocrx_word' id='word_1_107' title='bbox 704 2781 764 2833; x_wconf 88' lang='lat' dir='ltr'><strong>tum</strong></span> <span class='ocrx_word' id='word_1_108' title='bbox 793 2773 940 2834; x_wconf 77' lang='lat' dir='ltr'><strong>irascitur.</strong></span> <span class='ocrx_word' id='word_1_109' title='bbox 987 2773 1019 2830; x_wconf 93' lang='lat' dir='ltr'><strong>P.</strong></span> <span class='ocrx_word' id='word_1_110' title='bbox 1044 2772 1109 2846; x_wconf 76' lang='lat' dir='ltr'><strong>Syr.</strong></span> 
     </span>
     <span class='ocr_line' id='line_1_22' title="bbox 701 2873 792 2936; baseline 0.033 -3"><span class='ocrx_word' id='word_1_111' title='bbox 701 2873 792 2936; x_wconf 81' lang='lat'>1058.</span> 
     </span>
    </p>
   </div>
   <div class='ocr_carea' id='block_1_10' title="bbox 172 2981 899 3247">
    <p class='ocr_par' dir='ltr' id='par_1_10' title="bbox 172 2981 899 3247">
     <span class='ocr_line' id='line_1_23' title="bbox 437 2981 773 3056; baseline 0.006 -17"><span class='ocrx_word' id='word_1_112' title='bbox 437 2981 634 3056; x_wconf 86' lang='lat' dir='ltr'><strong>Inritaturque</strong></span> <span class='ocrx_word' id='word_1_113' title='bbox 656 2989 773 3042; x_wconf 88' lang='lat' dir='ltr'><strong>retenta</strong></span> 
     </span>
     <span class='ocr_line' id='line_1_24' title="bbox 172 3079 899 3156; baseline -0.008 -10"><span class='ocrx_word' id='word_1_114' title='bbox 172 3087 218 3146; x_wconf 85' lang='lat' dir='ltr'><strong>Et</strong></span> <span class='ocrx_word' id='word_1_115' title='bbox 244 3085 356 3144; x_wconf 90' lang='lat' dir='ltr'><strong>crescit</strong></span> <span class='ocrx_word' id='word_1_116' title='bbox 376 3084 484 3144; x_wconf 82' lang='lat' dir='ltr'><strong>rabies.</strong></span> <span class='ocrx_word' id='word_1_117' title='bbox 509 3114 550 3124; x_wconf 91' lang='lat'>-</span> <span class='ocrx_word' id='word_1_118' title='bbox 595 3086 648 3144; x_wconf 86' lang='lat' dir='ltr'><strong>Ov.</strong></span> <span class='ocrx_word' id='word_1_119' title='bbox 672 3085 742 3144; x_wconf 89' lang='lat' dir='ltr'><strong>Met..</strong></span> <span class='ocrx_word' id='word_1_120' title='bbox 768 3081 803 3156; x_wconf 87' lang='lat'><strong>3,</strong></span> <span class='ocrx_word' id='word_1_121' title='bbox 828 3079 899 3141; x_wconf 79' lang='lat'>566.</span> 
     </span>
     <span class='ocr_line' id='line_1_25' title="bbox 705 3184 795 3247; baseline 0.044 -4"><span class='ocrx_word' id='word_1_122' title='bbox 705 3184 795 3247; x_wconf 82' lang='grc'>1059.</span> 
     </span>
    </p>
   </div>
   <div class='ocr_carea' id='block_1_11' title="bbox 172 3283 1316 3366">
    <p class='ocr_par' dir='ltr' id='par_1_11' title="bbox 172 3283 1316 3366">
     <span class='ocr_line' id='line_1_26' title="bbox 172 3283 1316 3366; baseline -0.006 -14"><span class='ocrx_word' id='word_1_123' title='bbox 172 3295 247 3354; x_wconf 88' lang='lat' dir='ltr'><strong>Irus</strong></span> <span class='ocrx_word' id='word_1_124' title='bbox 271 3298 305 3352; x_wconf 86' lang='lat' dir='ltr'><strong>et</strong></span> <span class='ocrx_word' id='word_1_125' title='bbox 327 3297 373 3351; x_wconf 87' lang='lat' dir='ltr'><strong>est</strong></span> <span class='ocrx_word' id='word_1_126' title='bbox 396 3292 503 3360; x_wconf 89' lang='lat' dir='ltr'><strong>subito,</strong></span> <span class='ocrx_word' id='word_1_127' title='bbox 527 3293 576 3366; x_wconf 86' lang='lat' dir='ltr'><strong>qui</strong></span> <span class='ocrx_word' id='word_1_128' title='bbox 599 3292 686 3351; x_wconf 86' lang='lat' dir='ltr'><strong>modo</strong></span> <span class='ocrx_word' id='word_1_129' title='bbox 710 3291 837 3350; x_wconf 82' lang='lat' dir='ltr'><strong>Croesus</strong></span> <span class='ocrx_word' id='word_1_130' title='bbox 861 3298 934 3350; x_wconf 88' lang='lat' dir='ltr'><strong>erat.</strong></span> <span class='ocrx_word' id='word_1_131' title='bbox 969 3290 1021 3348; x_wconf 88' lang='lat' dir='ltr'><strong>Ov.</strong></span> <span class='ocrx_word' id='word_1_132' title='bbox 1045 3291 1134 3347; x_wconf 86' lang='lat' dir='ltr'><strong>Trist.</strong></span> <span class='ocrx_word' id='word_1_133' title='bbox 1159 3283 1188 3360; x_wconf 82' lang='lat'><strong>3,</strong></span> <span class='ocrx_word' id='word_1_134' title='bbox 1213 3284 1241 3357; x_wconf 85' lang='lat'><strong>7,</strong></span> <span class='ocrx_word' id='word_1_135' title='bbox 1265 3285 1316 3346; x_wconf 86' lang='grc'><strong>42.</strong></span> 
     </span>
    </p>
   </div>
   <div class='ocr_carea' id='block_1_12' title="bbox 174 3405 1044 3694">
    <p class='ocr_par' dir='ltr' id='par_1_12' title="bbox 174 3405 1044 3694">
     <span class='ocr_line' id='line_1_27' title="bbox 705 3405 794 3469; baseline 0.022 -2"><span class='ocrx_word' id='word_1_136' title='bbox 705 3405 794 3469; x_wconf 92' lang='grc'>1060.</span> 
     </span>
     <span class='ocr_line' id='line_1_28' title="bbox 174 3513 1044 3590; baseline -0.008 -14"><span class='ocrx_word' id='word_1_137' title='bbox 174 3519 206 3576; x_wconf 87' lang='lat' dir='ltr'><strong>Is</strong></span> <span class='ocrx_word' id='word_1_138' title='bbox 233 3516 351 3574; x_wconf 88' lang='lat' dir='ltr'><strong>demum</strong></span> <span class='ocrx_word' id='word_1_139' title='bbox 375 3517 545 3586; x_wconf 87' lang='lat' dir='ltr'><strong>miserest,</strong></span> <span class='ocrx_word' id='word_1_140' title='bbox 571 3516 619 3590; x_wconf 90' lang='lat' dir='ltr'><strong>qui</strong></span> <span class='ocrx_word' id='word_1_141' title='bbox 643 3531 812 3575; x_wconf 82' lang='lat' dir='ltr'><strong>aerumnam</strong></span> <span class='ocrx_word' id='word_1_142' title='bbox 835 3530 917 3572; x_wconf 90' lang='lat' dir='ltr'><strong>suam</strong></span> <span class='ocrx_word' id='word_1_143' title='bbox 941 3513 1044 3586; x_wconf 86' lang='lat' dir='ltr'><strong>nequit</strong></span> 
     </span>
     <span class='ocr_line' id='line_1_29' title="bbox 175 3610 1025 3694; baseline -0.007 -15"><span class='ocrx_word' id='word_1_144' title='bbox 175 3620 353 3679; x_wconf 86' lang='lat' dir='ltr'><strong>Occultare.</strong></span> <span class='ocrx_word' id='word_1_145' title='bbox 381 3650 416 3660; x_wconf 87' lang='lat'><em>-</em></span> <span class='ocrx_word' id='word_1_146' title='bbox 463 3618 571 3678; x_wconf 80' lang='lat' dir='ltr'><strong>Caecil.</strong></span> <span class='ocrx_word' id='word_1_147' title='bbox 596 3620 674 3694; x_wconf 89' lang='lat' dir='ltr'><strong>apud</strong></span> <span class='ocrx_word' id='word_1_148' title='bbox 699 3619 772 3679; x_wconf 82' lang='lat' dir='ltr'><strong>Geli.</strong></span> <span class='ocrx_word' id='word_1_149' title='bbox 795 3619 832 3677; x_wconf 89' lang='lat' dir='ltr'><strong>N.</strong></span> <span class='ocrx_word' id='word_1_150' title='bbox 856 3618 891 3676; x_wconf 84' lang='lat' dir='ltr'><strong>A.</strong></span> <span class='ocrx_word' id='word_1_151' title='bbox 916 3610 951 3688; x_wconf 82' lang='lat'><strong>2,</strong></span> <span class='ocrx_word' id='word_1_152' title='bbox 975 3611 1025 3673; x_wconf 89' lang='grc'><strong>23.</strong></span> 
     </span>
    </p>
   </div>
   <div class='ocr_carea' id='block_1_13' title="bbox 704 3735 795 3798">
    <p class='ocr_par' dir='ltr' id='par_1_13' title="bbox 704 3735 795 3798">
     <span class='ocr_line' id='line_1_30' title="bbox 704 3735 795 3798; baseline 0.033 -3"><span class='ocrx_word' id='word_1_153' title='bbox 704 3735 795 3798; x_wconf 86' lang='grc'>1061.</span> 
     </span>
    </p>
   </div>
   <div class='ocr_carea' id='block_1_14' title="bbox 175 3843 800 4020">
    <p class='ocr_par' dir='ltr' id='par_1_14' title="bbox 175 3843 800 4020">
     <span class='ocr_line' id='line_1_31' title="bbox 435 3843 602 3902; baseline 0.006 -1"><span class='ocrx_word' id='word_1_154' title='bbox 435 3844 450 3901; x_wconf 96' lang='grc' dir='ltr'>Ι</span> <span class='ocrx_word' id='word_1_155' title='bbox 472 3843 602 3902; x_wconf 92' lang='lat' dir='ltr'><strong>secundo</strong></span> 
     </span>
     <span class='ocr_line' id='line_1_32' title="bbox 175 3947 800 4020; baseline -0.002 -13"><span class='ocrx_word' id='word_1_156' title='bbox 175 3947 289 4007; x_wconf 86' lang='lat' dir='ltr'><strong>Omine</strong></span> <span class='ocrx_word' id='word_1_157' title='bbox 312 3952 343 4004; x_wconf 90' lang='lat' dir='ltr'><strong>et</strong></span> <span class='ocrx_word' id='word_1_158' title='bbox 364 3948 460 4005; x_wconf 86' lang='lat' dir='ltr'><strong>nostri</strong></span> <span class='ocrx_word' id='word_1_159' title='bbox 481 3963 639 4006; x_wconf 91' lang='lat' dir='ltr'><strong>memorem</strong></span> <span class='ocrx_word' id='word_1_160' title='bbox 663 3949 800 4020; x_wconf 89' lang='lat' dir='ltr'><strong>sepulcro</strong></span> 
     </span>
    </p>
   </div>
   <div class='ocr_carea' id='block_1_15' title="bbox 269 4045 976 4123">
    <p class='ocr_par' dir='ltr' id='par_1_15' title="bbox 269 4045 976 4123">
     <span class='ocr_line' id='line_1_33' title="bbox 269 4045 976 4123; baseline -0.006 -14"><span class='ocrx_word' id='word_1_161' title='bbox 269 4049 378 4122; x_wconf 88' lang='lat' dir='ltr'><strong>Scalpe</strong></span> <span class='ocrx_word' id='word_1_162' title='bbox 402 4052 560 4123; x_wconf 89' lang='lat' dir='ltr'><strong>querelam.</strong></span> <span class='ocrx_word' id='word_1_163' title='bbox 593 4052 679 4110; x_wconf 85' lang='lat' dir='ltr'><strong>.Hor.</strong></span> <span class='ocrx_word' id='word_1_164' title='bbox 705 4051 759 4110; x_wconf 85' lang='lat' dir='ltr'><strong>od.</strong></span> <span class='ocrx_word' id='word_1_165' title='bbox 784 4046 820 4120; x_wconf 93' lang='grc'><strong>3,</strong></span> <span class='ocrx_word' id='word_1_166' title='bbox 848 4046 901 4121; x_wconf 89' lang='grc'><strong>11,</strong></span> <span class='ocrx_word' id='word_1_167' title='bbox 926 4045 976 4106; x_wconf 83' lang='grc'><strong>50.</strong></span> 
     </span>
    </p>
   </div>
   <div class='ocr_carea' id='block_1_16' title="bbox 176 4166 1317 4452">
    <p class='ocr_par' dir='ltr' id='par_1_16' title="bbox 176 4166 1317 4452">
     <span class='ocr_line' id='line_1_34' title="bbox 708 4166 799 4233; baseline 0.077 -8"><span class='ocrx_word' id='word_1_168' title='bbox 708 4166 799 4233; x_wconf 88' lang='grc'>1062.</span> 
     </span>
     <span class='ocr_line' id='line_1_35' title="bbox 176 4274 1317 4350; baseline -0.004 -14"><span class='ocrx_word' id='word_1_169' title='bbox 176 4279 207 4337; x_wconf 91' lang='lat' dir='ltr'><strong>Is</strong></span> <span class='ocrx_word' id='word_1_170' title='bbox 232 4281 280 4334; x_wconf 86' lang='lat' dir='ltr'><strong>est</strong></span> <span class='ocrx_word' id='word_1_171' title='bbox 304 4275 424 4347; x_wconf 89' lang='lat' dir='ltr'><strong>amicus,</strong></span> <span class='ocrx_word' id='word_1_172' title='bbox 450 4279 499 4350; x_wconf 88' lang='lat' dir='ltr'><strong>qui</strong></span> <span class='ocrx_word' id='word_1_173' title='bbox 523 4277 552 4334; x_wconf 91' lang='lat' dir='ltr'><strong>in</strong></span> <span class='ocrx_word' id='word_1_174' title='bbox 577 4293 609 4334; x_wconf 90' lang='lat' dir='ltr'><strong>rc</strong></span> <span class='ocrx_word' id='word_1_175' title='bbox 634 4274 725 4333; x_wconf 91' lang='lat' dir='ltr'><strong>dubia</strong></span> <span class='ocrx_word' id='word_1_176' title='bbox 748 4293 780 4333; x_wconf 92' lang='lat' dir='ltr'><strong>re</strong></span> <span class='ocrx_word' id='word_1_177' title='bbox 799 4278 893 4348; x_wconf 87' lang='lat' dir='ltr'><strong>juvat,</strong></span> <span class='ocrx_word' id='word_1_178' title='bbox 918 4274 967 4331; x_wconf 89' lang='lat' dir='ltr'><strong>ubi</strong></span> <span class='ocrx_word' id='word_1_179' title='bbox 989 4291 1023 4332; x_wconf 91' lang='lat' dir='ltr'><strong>re</strong></span> <span class='ocrx_word' id='word_1_180' title='bbox 1047 4282 1092 4333; x_wconf 92' lang='lat' dir='ltr'><strong>est</strong></span> <span class='ocrx_word' id='word_1_181' title='bbox 1115 4291 1197 4347; x_wconf 85' lang='lat' dir='ltr'><strong>opus</strong></span> <span class='ocrx_word' id='word_1_182' title='bbox 1221 4275 1317 4332; x_wconf 87' lang='lat' dir='ltr'><strong>Plaut.</strong></span> 
     </span>
     <span class='ocr_line' id='line_1_36' title="bbox 1034 4372 1317 4452; baseline -0.007 -16"><span class='ocrx_word' id='word_1_183' title='bbox 1034 4379 1123 4452; x_wconf 81' lang='lat' dir='ltr'><strong>Epio.</strong></span> <span class='ocrx_word' id='word_1_184' title='bbox 1150 4375 1181 4448; x_wconf 90' lang='grc'><strong>1,</strong></span> <span class='ocrx_word' id='word_1_185' title='bbox 1205 4373 1242 4448; x_wconf 88' lang='grc'><strong>2,</strong></span> <span class='ocrx_word' id='word_1_186' title='bbox 1269 4372 1317 4434; x_wconf 87' lang='grc'><strong>10.</strong></span> 
     </span>
    </p>
   </div>
   <div class='ocr_carea' id='block_1_17' title="bbox 230 4475 1112 4536">
    <p class='ocr_par' dir='ltr' id='par_1_17' title="bbox 230 4475 1112 4536">
     <span class='ocr_line' id='line_1_37' title="bbox 230 4475 1112 4536; baseline -0.002 -22"><span class='ocrx_word' id='word_1_187' title='bbox 230 4475 361 4524; x_wconf 69' lang='lat' dir='ltr'><strong>Frontone,</strong></span> <span class='ocrx_word' id='word_1_188' title='bbox 374 4475 520 4522; x_wconf 67' lang='lat' dir='ltr'><strong>Florilegium</strong></span> <span class='ocrx_word' id='word_1_189' title='bbox 533 4475 643 4514; x_wconf 80' lang='lat' dir='ltr'><strong>Latmum.</strong></span> <span class='ocrx_word' id='word_1_190' title='bbox 1094 4477 1112 4536; x_wconf 76' lang='lat' dir='ltr'><strong>ss</strong></span> 
     </span>
    </p>
   </div>
   <div class='ocr_carea' id='block_1_18' title="bbox 0 0 1503 5048">
    <p class='ocr_par' dir='ltr' id='par_1_18' title="bbox 0 0 1503 5048">
     <span class='ocr_line' id='line_1_38' title="bbox 0 0 1503 5048; baseline 0 0"><span class='ocrx_word' id='word_1_191' title='bbox 0 0 1503 5048; x_wconf 95' lang='lat' dir='ltr'><strong> </strong></span> 
     </span>
    </p>
   </div>
  </div>
 </body>
</html>
