2978 5048
525 356 731 457 munm

505 533 509 546 “
576 547 671 612 aare.

154 663 232 728 lone,
257 656 347 725 dolis,
371 656 484 714 scetere
506 662 596 730 atque
617 654 743 715 libidine
763 660 797 714 et
818 655 868 733 ira

157 777 172 818 s
192 761 274 819 intra
294 773 395 817 muros
418 763 562 831 peccatur
583 763 614 817 et
633 763 730 818 extra.
775 759 848 818 Hor.
872 757 929 831 Ep.
956 751 988 826 1,
1013 751 1047 826 2,
1075 751 1122 815 15.

580 888 674 953 2379.

157 1015 274 1057 uremus
296 999 326 1058 in
350 999 433 1058 haee.
459 1028 500 1038 -
543 995 738 1071 Her.'Epod.
766 992 814 1067 16,
839 991 889 1053 25.

484 1131 487 1136 ’
581 1126 675 1193 2380.

154 1237 239 1309 uagis
262 1239 291 1296 in
315 1239 378 1296 vita
400 1238 497 1296 divum
521 1241 617 1295 metu-s
640 1241 726 1308 'urget
748 1235 847 1295 inanis

154 1342 209 1399 des
233 1341 534 1426 casumquetimeut,
563 1354 650 1412 quem
674 1339 780 1412 cuique
803 1337 879 1397 ierat
900 1337 972 1396 fors.
1017 1336 1138 1398 Lucret.
1162 1339 1196 1399 R.

1005 1442 1042 1499 N.
1066 1437 1102 1512 3,
1127 1435 1198 1500 082.

578 1555 673 1620 2381.

313 1665 372 1725 Sed
394 1682 440 1725 me
462 1665 542 1733 mala
563 1663 625 1722 iata
646 1662 816 1745 trahebant.
863 1666 916 1725 Ov.
939 1665 1010 1744 Her.
1024 1654 1071 1735 ,6,
1094 1661 1145 1722 51.
1177 1722 1180 1726 ,

583 1795 679 1860 2382.

154 1907 220 1964 nihi
244 1906 289 1963 vel
312 1905 399 1964 tellus
423 1911 521 1979 optem
544 1904 629 1979 prius
652 1903 713 1965 ima
728 1904 879 1965 dehiscat!
910 1906 992 1978 virg.
1016 1905 1088 1964 Aen.
1105 1901 1135 1975 4,
1149 1899 1199 1962 24.

491 2076 494 2081 ·
585 2035 680 2099 2383.

154 2149 245 2253 minor
267 2151 311 2203 est
334 2144 397 2202 aeri
421 2112 518 2203 laudis
542 2136 643 2203 amore
666 2144 760 2203 dolor.
806 2144 969 2239 0v.wP0nt.
993 2140 1029 2212 4,
1054 2141 1091 2214 7,
1114 2140 1165 2203 40.

585 2259 680 2323 2384.
770 2320 772 2324 ,

154 2368 268 2426 miseris
293 2366 374 2425 solus
398 2372 535 2439 superest
557 2373 626 2441 post
648 2367 748 2426 omnia
769 2369 880 2426 luctus:

154 2471 231 2542 Quot
252 2471 332 2530 boue
354 2475 424 2528 tuuc
446 2469 547 2542 habui,
570 2476 616 2530 tot
634 2471 726 2531 modo
749 2470 936 2532 damnnfleo.
968 2471 1056 2532 Corn.
1072 2473 1148 2531 Gall.
1166 2473 1201 2539 (t)

937 2616 939 2622 ι
984 2575 1068 2648 Eleg.
1092 2570 1128 2645 2,
1152 2569 1201 2632 30.

582 2686 677 2752 2385.

155 2799 247 2856 miser
270 2802 302 2854 ut
325 2812 431 2865 vanos,
453 2812 539 2854 veros
562 2795 607 2855 ita
629 2811 719 2870 saepe
741 2797 867 2855 timores

154 2909 177 2960 ut
198 2916 290 2959 amor.
317 2927 353 2937 —
399 2900 500 2958 Valer.
526 2898 627 2961 Flere.
652 2903 762 2972 Argon.
787 2894 825 2970 8,
848 2894 921 2957 408.

590 3007 686 3078 2380.

154 3124 192 3181 nil
217 3121 332 3179 dulcius
355 3128 415 3192 est,
438 3123 513 3181 bene
537 3140 623 3197 quarn
646 3123 761 3181 munita
783 3129 886 3181 tenere

154 3244 162 3283 ι
185 3224 321 3282 doctrina
343 3226 510 3298 sapientum
534 3227 645 3299 templa
668 3242 783 3296 serena,

154 3330 238 3385 icere
261 3327 339 3386 unde
363 3345 454 3401 queas
477 3330 553 3394 ulios
575 3330 746 3402 passimque
769 3329 870 3388 videre

156 3447 188 3489 re
211 3436 300 3505 atque
324 3432 400 3490 viam
422 3432 557 3504 palantes
581 3449 726 3506 quaerere
748 3433 837 3503 vitae,

154 3550 196 3592 ire
219 3534 354 3605 ingenio,
378 3532 558 3592 contendere
581 3534 747 3605 nobilitate,

154 3636 192 3694 es
210 3618 298 3709 atque
322 3636 384 3694 dies
407 3637 463 3697 niti
486 3642 657 3710 praestante
680 3639 782 3698 labore

157 3755 268 3797 ummas
289 3755 440 3812 emergere
464 3758 537 3813 opes
560 3758 719 3816 rerumque
741 3741 842 3816 potiri.

153 3843 246 3900 iseras
270 3842 420 3900 huminum
443 3850 572 3914 mentes,
596 3861 614 3902 ο
636 3851 760 3918 pectora
783 3851 886 3904 caeca!

154 3944 215 4002 ibus
239 3945 269 4002 in
293 3945 425 4005 tenebris
448 3948 526 4006 vitae
549 3949 728 4022 quantisque
750 3949 872 4021 perietis

154 4053 198 4105 tur
220 4048 278 4107 hoe
300 4050 365 4108 aevi
389 4049 584 4124 quodeunque
607 4045 668 4111 ast!
690 4056 789 4110 nonne
812 4051 913 4110 videre

154 4149 230 4207 uliud
252 4151 308 4210 sibi
332 4158 467 4212 naturam
490 4155 617 4223 latrare,
641 4155 699 4212 nisi
723 4161 770 4222 ut,
795 4154 842 4212 cui

154 4268 204 4312 ore
229 4258 379 4327 sejunctus
404 4256 489 4314 dolor
512 4256 607 4326 absit,
635 4257 737 4315 meuti’
760 4255 876 4315 fruatur

154 4355 207 4415 udo
239 4373 343 4429 seusu,
381 4376 452 4418 cura
480 4360 603 4419 remutu'
633 4365 789 4440 metuque?
845 4359 966 4425 Lucret.
994 4357 1031 4418 R.
1053 4361 1091 4429 N,
1114 4356 1202 4442 2,,7,
