2978 5048
636 425 690 439 0—stae-
722 425 841 438 ›p—›Jsxfl

688 531 783 594 2150.

173 640 249 711 Quin
273 641 360 699 etiam
385 639 530 699 accendas
553 639 626 699 vitia
647 640 807 713 inritesque
833 639 970 709 vetando,

258 744 454 817 Temporibus
479 744 586 801 11111
611 743 785 816 aggrediare
812 744 884 802 suis.
931 744 982 802 Ov.
1007 744 1090 801 Rem.
1119 738 1193 803 133.

689 875 786 941 2151.

175 985 254 1057 Quin
279 984 366 1043 etiam
389 984 488 1043 multis
512 983 583 1042 solis
606 983 800 1045 redeuntibus
824 983 909 1041 annis

173 1088 288 1147 Anulus
311 1089 342 1146 in
366 1087 458 1161 digito
482 1088 582 1146 subter
604 1092 745 1147 tenuatur
768 1086 914 1156 babendo,

174 1190 314 1250 Stillieidi
338 1209 423 1250 casus
447 1191 575 1264 lapidem
599 1197 700 1260 cavat,
724 1207 817 1249 uncus
842 1191 934 1248 aratri

173 1294 303 1352 Ferreus
327 1295 440 1353 occulte
464 1294 609 1353 decrescit
630 1310 732 1353 vomer
753 1295 784 1352 in
806 1294 895 1365 11111,

178 1397 337 1470 Strataque
357 1398 417 1470 jam
442 1397 521 1470 vulgi
543 1398 667 1470 pedibus
692 1398 801 1458 detrita
822 1398 936 1456 viarum

178 1499 274 1559 Saxea
297 1501 510 1574 conspicimus:
535 1507 611 1573 tum,
636 1509 740 1583 portas
761 1506 900 1575 propter,
925 1509 1000 1562 1111

176 1603 269 1677 Signa
292 1621 395 1663 manus
416 1604 535 1663 dextras
560 1606 721 1664 ostendunt
744 1604 893 1664 attenuari

176 1708 271 1781 Saepe
288 1709 467 1768 salutantum
480 1714 562 1767 tactu
578 1716 757 1783 praeterque
774 1712 934 1766 meantum.
964 1706 1179 1767 lucratam.
1196 1705 1227 1779 1,
1245 1705 1316 1767 311.

694 1825 787 1888 2152.

178 1931 256 2003 Quin
280 1930 367 1990 etiam
391 1932 484 1990 virtus
508 1931 586 1991 fulvo
609 1935 771 2006 pretiosior
794 1949 876 2003 auro,

266 2035 326 2092 Per
360 2052 446 2107 quam
475 2038 660 2110 praeclarum
690 2012 875 2112 plus'micat
905 2037 1066 2110 ingenium.
1111 2032 1205 2096 corn,
1240 2036 1317 2096 Gall.

1028 2139 1064 2207 (1)
1090 2139 1173 2212 Eleg.
1204 2137 1241 2211 1,
1270 2136 1317 2198 19.

697 2256 790 2322 2153.
1357 2252 1360 2329 Ι

178 2361 235 2432 Qui
258 2362 299 2419 nil
320 2366 419 2434 potest
441 2379 577 2435 sperare,
601 2364 740 2437 desperet
763 2366 846 2424 nibil.
893 2363 961 2422 Sen.
984 2361 1065 2420 Med.
1093 2356 1162 2421 163.

695 2479 789 2544 2154.

179 2584 257 2656 Quin
279 2585 364 2659 ipsae
387 2593 527 2661 stupuere
551 2588 654 2647 domus
678 2595 766 2662 atque
789 2589 892 2648 intima
914 2588 981 2646 Leti

179 2688 314 2749 Tartara.
339 2719 380 2729 -
425 2691 506 2764 Virg.
531 2690 637 2765 Georg.
662 2689 698 2763 4,
722 2687 793 2750 481.

699 2806 793 2870 2155.

181 2913 237 2984 Qui
259 2915 342 2973 nolet
363 2914 428 2973 fieri
451 2910 635 2986 desidiosus,
658 2922 745 2974 amet.
792 2917 844 2976 Ov.
868 2915 932 2975 Am.
960 2912 994 2985 1,
1018 2912 1051 2984 9,
1074 2909 1123 2971 46.

696 3030 791 3096 2156.

183 3136 239 3207 Qui
262 3154 321 3196 non
345 3144 390 3197 est
412 3139 511 3210 hodie,
536 3156 602 3198 cras
625 3141 722 3199 minus
746 3147 832 3214 aptus
855 3140 925 3198 erit.
972 3139 1023 3198 Ov.
1047 3139 1129 3196 Rem.
1154 3135 1208 3196 94.

696 3256 790 3319 2157.

434 3361 489 3433 Qui
513 3380 573 3422 non
596 3364 800 3423 moderabitur
823 3365 897 3436 irae,

182 3463 325 3522 Infectam
348 3465 426 3523 velet
449 3483 530 3537 1111,
554 3467 639 3526 dolor
663 3456 741 3541 quod
764 3467 893 3525 suaserit
916 3471 945 3524 et
971 3481 1063 3534 mens,

182 3567 259 3625 Dum
282 3585 394 3642 poenas
418 3570 487 3628 odio
510 3588 565 3644 per
587 3573 644 3632 vim
667 3572 789 3630 festinat
811 3573 916 3630 inulto.
962 3570 1035 3627 Hor.
1059 3569 1116 3641 Ep.
1147 3564 1178 3638 1,
1206 3564 1245 3640 2,
1270 3566 1323 3629 59.

697 3705 791 3770 2158.

184 3807 240 3878 Qui
263 3825 322 3868 non
345 3815 425 3870 vetat
447 3829 590 3886 peccare,
621 3831 685 3872 cum
708 3813 819 3887 possit,
844 3812 939 3885 Jubet.
984 3811 1052 3870 Sen.
1075 3807 1185 3868 Troad.
1213 3805 1290 3871 292.

700 3928 795 3992 2159.

434 4036 489 4107 Qui
512 4043 601 4112 pavet
623 4053 714 4095 vanos
738 4043 842 4108 metus,

183 4140 279 4198 Veros
302 4143 440 4198 meretur.
468 4171 505 4180 —
554 4141 622 4201 Sen.
646 4140 717 4200 Oed.
742 4136 814 4201 700.

700 4255 794 4319 2160.

185 4367 241 4438 Qui
263 4383 318 4440 per
339 4367 478 4427 virtutem
500 4367 589 4440 perit,
613 4371 645 4425 at
666 4382 726 4423 non
750 4363 798 4432 (is)
823 4363 935 4422 interit.
966 4364 1062 4421 Plaut.
1078 4359 1165 4435 Oapt.
1179 4358 1214 4435 3,
1227 4360 1260 4435 5,
1274 4358 1326 4424 32.
