2978 5048
343 674 428 747 Quod
452 673 528 733 enirn
552 677 647 733 scelus
668 691 752 733 11111
770 674 917 733 habebut?
947 673 999 731 Ov.
1013 673 1086 732 Met.
1107 666 1223 746 3,142.

607 789 701 855 2211.

28 920 31 925 ·
87 899 157 970 Quo
182 898 254 957 deus
285 905 316 957 et
344 914 401 972 quo
432 898 506 958 dura
536 904 623 958 vocat
653 898 788 970 fortuna,
819 914 986 972 sequamur.
1032 897 1113 968 virg.
1145 896 1220 956 Aen.

1071 994 1124 1069 12,
1148 993 1220 1056 677.

606 1118 700 1180 2212.

80 1224 174 1296 Quod
197 1224 295 1283 faeere
317 1231 403 1299 turpe
426 1231 487 1296 est,
512 1227 610 1286 dicere
635 1243 672 1285 ue
695 1227 851 1284 honestum
873 1231 953 1300 puta.
998 1226 1033 1286 P.
1058 1224 1122 1298 Syr.

610 1342 703 1406 2213.

341 1450 425 1522 Quod
440 1449 520 1522 feeit,
533 1451 659 1525 quisque
673 1456 775 1509 tuetur
786 1466 869 1524 opus
902 1449 953 1508 Ov.
968 1449 1056 1507 Pont.
1074 1442 1104 1518 4,
1124 1442 1151 1518 1,
1168 1437 1218 1504 28.

604 1567 699 1629 2214.

64 1673 172 1746 Quod
198 1674 284 1744 latet,
307 1675 438 1747 ignotum
462 1680 523 1733 est:
546 1676 640 1747 ignoti
663 1676 745 1733 nulla
767 1675 885 1747 cupido.
923 1676 975 1735 Ov.
998 1673 1082 1733 nd.
1098 1667 1129 1743 3,
1145 1665 1218 1730 397.

606 1787 701 1852 2215.

58 1897 170 1971 Quod
196 1898 283 1967 lieet,
307 1899 451 1970 ingratum
475 1903 534 1955 est:
558 1897 636 1970 quod
659 1912 718 1954 nou
741 1897 827 1967 lieet,
852 1897 949 1955 aerius
972 1897 1040 1954 urit.
1083 1895 1220 1956 011111.

931 1986 934 1992 ’
1048 1993 1084 2071 2,
1111 1992 1167 2070 19,
1190 1994 1219 2057 3.

606 2114 698 2180 2216.

56 2225 172 2301 Quod
196 2225 367 2296 1111111111,
391 2240 542 2283 assuesce:
566 2222 643 2282 feres
666 2224 751 2282 bene.
795 2222 893 2281 Multa
914 2226 1045 2281 vetustas

172 2329 273 2387 Leuit.
297 2358 339 2367 —
384 2329 436 2389 Ov.
462 2328 498 2387 A.
520 2327 555 2388 A.
580 2322 616 2399 2,
640 2322 712 2386 647.

603 2442 699 2503 2217.

338 2551 423 2623 Quod
445 2552 624 2610 medicorum
648 2557 703 2620 est,

55 2655 268 2719 Promittant
290 2655 411 2714 medici:
435 2661 565 2715 tractant
585 2655 705 2714 fabrilia
725 2653 811 2712 fabri.
856 2655 929 2712 Hor.
952 2654 1017 2727 Ep..
1034 2648 1064 2725 2,
1090 2650 1117 2724 1,
1144 2651 1214 2716 115.

604 2767 702 2832 2218.

59 2879 172 2955 Quod
194 2879 307 2950 metuit,
331 2885 428 2952 auget,
454 2880 503 2953 qui
526 2881 622 2938 scelus
645 2880 758 2938 scelere
782 2877 890 2937 obruit.
926 2877 994 2937 Seu.
1014 2871 1118 2951 Agem.
1146 2875 1215 2936 151.

603 2993 697 3059 2219.

334 3102 419 3174 Quod
440 3105 599 3161 multorum
622 3096 699 3177 fugit
720 3101 959 3176 imprudentiam,

60 3207 178 3267 Unius
201 3204 329 3266 hominis
352 3207 465 3282 reperit
487 3207 618 3266 solertia.
664 3207 792 3266 Phaedr.
816 3206 889 3265 Fab.
913 3202 949 3287 4,
975 3203 1009 3277 4,
1034 3201 1086 3267 48.

603 3321 698 3386 2220.

66 3429 169 3504 Quod
191 3435 299 3491 natura
321 3437 425 3504 negat,
449 3429 574 3489 reddere
596 3447 683 3490 nemo
705 3435 814 3504 potest.
860 3428 948 3487 Corn.
973 3428 1045 3488 Gall.
1070 3427 1105 3495 (t)
1128 3428 1211 3501 Eleg.

1106 3527 1139 3602 5,
1164 3527 1215 3594 54.

602 3649 696 3714 2221.

68 3761 167 3836 Quod
190 3762 315 3833 nescias,
340 3762 480 3819 damnare
495 3775 608 3818 summa
624 3765 670 3817 est
681 3757 843 3816 temeritas.
888 3757 919 3815 P.
942 3756 1007 3831 Syr.

603 3856 698 3922 2222.

330 3968 415 4040 Quod
438 3968 525 4026 nimis
548 3968 650 4025 miseri
672 3968 782 4036 volunt,

70 4072 147 4130 Hoc
168 4069 255 4130 facile
279 4073 412 4132 eredunt.
435 4101 477 4111 -
521 4071 589 4131 Seu.
613 4072 701 4131 Here.
725 4070 796 4128 Fur.
821 4064 893 4129 313.

600 4187 695 4250 2223.

74 4293 167 4366 Quod
189 4295 309 4353 nimium
333 4302 394 4367 est,
418 4295 528 4368 fugito;
551 4313 644 4369 parvo
667 4297 796 4369 gaudere
820 4298 981 4353 memento:

71 4398 156 4457 Tuta
167 4414 250 4471 mage
266 4404 310 4457 est
322 4400 440 4474 puppis,
462 4400 579 4458 modico
596 4415 672 4473 quae
683 4397 802 4457 flumine
818 4397 920 4459 fertur.
955 4395 1019 4456 Cat.
1037 4396 1114 4455 Dist.
1135 4390 1165 4467 2,
1183 4392 1212 4456 6.
