2978 5048
635 347 839 443 ...1.8.--

700 534 771 598 619.

421 644 588 704 Ε1161116116
611 644 642 701 in
664 644 757 702 altum

174 749 296 808 Divitiis
319 749 452 822 potietur
473 748 570 806 heres.
616 747 689 804 Hor.
715 740 830 818 0112,
855 741 891 819 3,
919 742 966 806 19.

698 862 769 924 620.

174 972 293 1031 Exsulis
317 972 391 1031 haec
413 985 470 1030 uox
492 975 555 1042 est,
585 969 709 1043 praebet
731 969 804 1028 mihi
826 970 916 1028 litera
937 970 1074 1042 linguam,

258 1077 299 1135 Et
320 1076 345 1134 si
367 1091 427 1135 non
449 1076 538 1133 liceat
561 1074 702 1145 scribere,
727 1079 823 1131 mutus
847 1090 910 1132 ero.
956 1072 1008 1132 01.
1031 1073 1117 1130 Pont.
1141 1067 1169 1143 2,
1194 1069 1224 1143 6,
1251 1068 1282 1133 3.

697 1187 769 1251 621.

173 1298 314 1356 Exsultat
334 1299 455 1357 levitate
478 1313 566 1369 puer,
589 1298 734 1370 gravitate
757 1302 906 1355 senectus:

259 1401 341 1459 Inter
362 1407 518 1475 utrumqne
541 1416 661 1460 manens
684 1406 744 1459 stat
761 1401 892 1472 jnvenile
916 1398 1014 1458 decus.
1060 1397 1148 1456 Corn.
1172 1397 1306 1467 061111)

1060 1501 1142 1575 Eleg.
1170 1497 1202 1572 1,
1230 1497 1304 1559 105.

702 1621 776 1684 622.

174 1733 268 1791 Extra
288 1732 436 1791 fortunam
459 1735 521 1803 est,
545 1730 571 1788 si
595 1729 665 1804 qnid
688 1730 813 1787 donatur
836 1728 951 1786 amicis:

261 1836 339 1907 Quas
369 1833 502 1922 dederis,
538 1834 617 1892 selas
646 1850 762 1908 semper
791 1833 912 1891 habebis
944 1847 1025 1905 opes,
1076 1828 1164 1889 Mart.
1195 1829 1308 1904 Epigr.
1351 1788 1356 1877 0

687 1951 691 1957 ·
720 1931 721 1935 ’
1128 1928 1248 2005 5,12,
1275 1929 1305 1994 7.

700 2049 773 2114 623.

174 2162 266 2221 Exuit
288 2176 399 2220 annosa
420 2176 516 2219 mores
540 2176 705 2252 nomenque
728 2165 855 2218 senecta.
898 2158 987 2218 Mart.
1010 2159 1112 2232 Epigr.
1139 2154 1165 2229 1,
1183 2154 1256 2231 106,
1272 2156 1301 2219 3.

701 2274 774 2337 624.

174 2385 220 2444 Ex
242 2384 314 2444 vitio
337 2385 458 2443 alterius
482 2383 601 2456 sapiens
627 2382 764 2441 emendat
785 2399 880 2440 suum.
922 2384 955 2441 P.
980 2384 1044 2457 Syr.

637 2619 839 2627 .---.-

700 2823 772 2888 625.

173 2930 353 2990 Faciendum
383 2935 427 2988 est
459 2929 559 3003 nobis,
595 2933 673 3006 quod
699 2936 838 3005 parentes
871 2933 1026 3004 imperant.
1076 2931 1174 2989 Plant.
1206 2930 1304 2993 Stich.

1139 3029 1170 3104 1,
1196 3031 1224 3106 1,
1251 3031 1308 3094 63.

700 3149 771 3213 626.
1354 3146 1356 3153 ’

421 3256 528 3316 Facies
551 3271 610 3316 non
634 3257 767 3339 omnibns
791 3275 858 3317 nna.
903 3259 955 3318 01.
977 3258 1049 3317 Μ61.
1074 3253 1110 3327 2,
1137 3251 1184 3317 13.

700 3373 772 3437 627.

174 3481 277 3540 Facile
300 3479 338 3539 ad
361 3478 487 3538 derisum
510 3482 600 3540 stulta
621 3481 725 3540 levitas
749 3482 875 3542 ducitur.
919 3483 1046 3543 Phaedr.
1069 3483 1141 3542 Fab.
1164 3480 1193 3554 5,
1217 3478 1249 3557 6,
1263 3481 1305 3551 ,3.

699 3597 772 3659 628.

420 3705 521 3764 Facile
545 3711 590 3764 est
612 3706 710 3764 omnia
731 3723 821 3778 posse
844 3707 909 3767 deo.
961 3708 1013 3768 01.
1039 3710 1075 3768 A.
1098 3709 1133 3769 A.
1160 3707 1194 3782 1,
1225 3706 1302 3771 562.

701 3820 772 3886 629.

174 3930 276 3988 Facile
300 3944 411 4000 omnes,
435 3945 498 3987 cum
520 3929 659 4002 valemus,
684 3936 766 3990 recta
789 3933 915 3992 consilia
936 3936 1065 4006 aegrotis
1088 3935 1199 3994 damna.
1234 3937 1306 3999 Ter.

1110 4039 1204 4101 Andr.
1227 4036 1306 4102 300.

699 4149 771 4212 630.
891 4174 892 4178 ’

419 4256 535 4315 Faciles
567 4263 663 4316 motus
690 4275 772 4317 mens
802 4275 947 4331 generosa
974 4262 1062 4333 cepit.
1121 4263 1172 4322 01.
1206 4265 1300 4326 Trist

1130 4361 1165 4437 3,
1187 4363 1227 4440 5,
1253 4366 1307 4430 32.
